2340 3818
110 165 174 230 182
477 168 678 221 Σεοιιιειοα
697 164 746 239 ιβ’.

106 308 170 374 καὶ
195 298 248 374 ώυ
276 311 511 394 πυραμίδων
537 307 760 393 τριγώνους
786 307 923 393 βάσεις
945 307 1117 392 ἐχουσῶν

108 411 457 481 ἀντιπεπόνθασιν
489 416 530 480 αί
560 413 701 499 βάσεις
731 425 815 492 τοῖς
842 402 1011 496 ὕψεσιν,4
1037 420 1117 479 ίσαι

108 520 211 587 εἰσίν
235 522 395 587 ἐκεῖναι.

165 624 339 697 Ἔστωσαν
375 622 439 713 γὰρ
477 633 545 693 ίσαι
578 629 761 713 πυραμίδες
791 626 977 712 τριγώνους
1008 621 1164 708 βάσειςε

72 750 88 798 ο
108 737 243 818 ἔχουσαι
270 729 329 810 τὰς
352 738 460 817 ΑΒΓ,
490 738 605 815 ΔΕΖ,
632 733 784 819 κορυφάς
811 729 849 798 δὲ
870 729 911 799 τὰ
934 736 984 813 Η,
1013 736 1042 796 Θ
1065 748 1164 815 σηκ

107 850 195 924 μεία
219 838 315 923 λίνω,
335 838 386 904 ὅτι
405 846 473 904 τών
492 843 646 921 ΑΒΓΗ,
662 844 796 905 ΔΕΖΘ
814 841 1013 923 πυραμίδων
1031 833 1137 904 άυτι-

107 944 319 1010 πεπόνθασιν
351 944 389 1009 αί
417 942 532 1028 βάσεις
557 955 628 1022 τοῖς
654 940 792 1029 ῦψεσιν,
823 948 883 1010 καί
907 944 999 1011 ἐστιν
1027 939 1136 1029 ώςῆ

107 1053 210 1116 ΑΒΓ
234 1049 332 1133 βάσις
362 1047 445 1136 πρὸς
477 1045 539 1134 τὴν
573 1056 673 1116 ΔΕΖ
704 1047 820 1134 βάσιν,
856 1046 963 1128 οὕτως
992 1045 1031 1116 τὸ
1062 1058 1122 1134 τῆς

106 1159 244 1221 ΔΕΖΘ
270 1158 457 1242 πυραμίδος
483 1155 569 1234 ὕψος
596 1145 680 1242 πρὸς
706 1152 744 1221 τὸ
773 1158 831 1241 τῆς
853 1160 999 1223 ΑΒΓΗ
1016 1178 1114 1242 πυρα-

56 1279 88 1327 10
107 1263 204 1346 μίδος
226 1259 321 1340 ὕψος.

173 1363 483 1452 Συμπεπληρώσθω
506 1363 570 1450 γάρ
593 1365 633 1431 τά
654 1370 819 1450 ΒΗΜΛ,
843 1371 981 1432 ΕΘΠΟ
1004 1361 1112 1452 στερεὰ
1161 1424 1164 1463 i

106 1474 426 1555 παραλληλεπίπεδα.
472 1469 528 1536 καὶ
558 1470 628 1538 ἐπεὶ
656 1478 711 1556 ἴση
739 1470 831 1538 ἐστὶν
856 1469 877 1556 ἡ
901 1476 1049 1539 ΑΒΓΗ
1064 1494 1114 1538 πυ

107 1577 203 1663 ραμὶς
225 1580 264 1664 τῇ
290 1583 422 1644 ΔΕΖΘ
444 1579 622 1664 πυραμίδι,
646 1581 707 1643 καί
725 1577 794 1644 ἐστι
816 1580 875 1663 της
897 1575 960 1664 μὲν
983 1582 1120 1645 ΑΒΓΗ

106 1686 294 1770 πυραμίδος
325 1681 526 1763 ἑξαπλάσιον
557 1677 595 1748 τὸ
623 1687 776 1748 ΒΗΜΛ
808 1679 959 1768 στερεόν,
990 1684 1053 1768 τῆς
1084 1680 1119 1750 δὲ

57 1807 88 1855 15
109 1796 246 1856 ΔΕΖΘ
281 1791 468 1874 πυραμίδος
500 1786 700 1868 ἑξαπλάσιον
731 1787 769 1855 τὸ
802 1794 940 1855 ΕΘΠΟ
972 1786 1121 1875 στερεόν,

108 1902 183 1963 ἴσον
202 1893 268 1983 άρα
287 1893 356 1961 ἐστὶ
375 1890 411 1960 τὸ
432 1899 581 1960 ΒΗΜΛ
606 1889 741 1978 στερεὸν
763 1895 809 1984 τῷ
830 1899 970 1960 ΕΘΠΟ
989 1897 1121 1981 στερεῷ.

106 2005 174 2068 τών
203 1999 240 2067 δὲ
268 2006 351 2066 ἴσων
385 2002 528 2087 στερεών
558 1999 897 2085 παραλληλεπιπέδων
925 1995 1124 2066 άντιπεπόυ·

107 2113 211 2172 θασιν
242 2107 279 2170 αί
304 2104 418 2189 βάσεις
448 2118 517 2184 τοῖς
544 2103 678 2185 ὕψεσιν·
711 2108 801 2170 ἔστιν
833 2102 899 2189 άρα
926 2100 972 2182 ώς
998 2101 1021 2190 ἡ
1049 2111 1129 2173 ΒΜ

108 2209 204 2294 βάσις
236 2208 318 2295 πρὸς
350 2211 413 2297 τὴν
441 2219 512 2278 ΕΠ
538 2211 656 2296 βάσιν,
689 2209 795 2288 οὕτως
826 2208 864 2276 τὸ
894 2213 956 2278 τοῦ
983 2217 1125 2279 ΕΘΠΟ

55 2335 89 2384 20
109 2319 245 2400 στερεοῦ
281 2315 366 2394 ὕψος
399 2314 483 2402 πρὸς
514 2313 552 2382 τὸ
583 2318 644 2382 τοῦ
676 2321 826 2382 ΒΗΜΛ
858 2319 994 2402 στερεοῦ
1027 2315 1126 2397 ὕψος.

107 2419 181 2488 ἀλλ’
224 2417 268 2501 ὡς
303 2418 324 2505 ἡ
361 2426 442 2486 ΒΜ
467 2418 565 2504 βάσις
599 2417 683 2504 πρὸς
717 2417 780 2507 τὴν
812 2426 898 2506 ΕΠ,
940 2420 1050 2501 οὕτως
1086 2423 1124 2491 τὸ

109 2532 213 2593 ΑΒΓ
240 2530 406 2611 τρίγωνον
442 2522 525 2613 πρὸς
555 2522 593 2592 τὸ
628 2532 729 2593 ΔΕΖ
760 2530 936 2611 τρίγωνον.
985 2528 1042 2595 καὶ
1081 2526 1127 2609 ὡς

108 2630 173 2714 ἄρα
196 2629 233 2698 τὸ
259 2637 362 2697 ΑΒΓ
379 2634 545 2716 τρίγωνον
568 2629 651 2715 πρὸς
672 2629 710 2698 τὸ
736 2637 836 2697 ΔΕΖ
859 2636 1039 2718 τρίγωνον,
1069 2633 1125 2702 οῦ·

109 2762 172 2816 τως
194 2735 231 2804 τὸ
255 2740 316 2804 τοῦ
331 2743 470 2804 ΕΘΠΟ
488 2740 625 2823 στερεοῦ
643 2737 729 2817 ὕψος
747 2735 831 2823 πρὸς
848 2735 885 2805 τὸ
901 2741 961 2804 τοῦ
976 2744 1126 2807 ΒΗΜΛ

56 2862 90 2911 26
111 2846 247 2926 στερεοῦ
283 2844 378 2924 ὕψος.
433 2840 517 2909 άλλδι
553 2841 592 2909 τὸ
624 2843 685 2928 μὲν
717 2847 778 2911 τοῦ
811 2850 949 2911 ΕΘΠΟ
985 2849 1128 2933 στερεοῦ

109 2948 195 3026 ῦυος
222 2947 259 3016 τὸ
289 2946 370 3016 αῦτό
399 2951 467 3016 ἐστι
494 2951 539 3040 τῷ
571 2953 630 3035 τῆς
657 2956 792 3016 ΔΕΖΘ
817 2953 1007 3037 πυραμίδος
1033 2951 1126 3037 ὕψει,

108 3052 146 3121 τὸ
181 3053 217 3121 δὲ
250 3056 310 3121 τοῦ
337 3060 485 3120 ΒΗΜΛ
518 3058 653 3139 στερεοῦ
685 3054 771 3134 ὕψος
803 3053 841 3121 τὸ
870 3052 953 3123 αὐτό
980 3056 1051 3124 ἐστι
1080 3068 1128 3151 τῷ

108 3164 167 3244 τῆς
195 3164 334 3226 ΑΒΓΗ
359 3163 545 3244 πυραμίδος
572 3160 665 3240 δάνει’
696 3165 786 3226 ἔστιν
813 3158 879 3245 άρα
907 3158 951 3240 ὥς
978 3158 1000 3247 ἡ
1024 3169 1133 3231 ΑΒΓ

110 3324 178 3332 ,ι-ω

182 3412 205 3458 2,
224 3407 285 3460 λ’σαι
304 3406 386 3477 εἰσίν]
407 3423 462 3474 mg.
482 3423 518 3460 m.
541 3411 553 3457 1
574 3410 670 3475 postea
689 3406 752 3461 add.
771 3407 807 3473 P;
833 3409 880 3461 ἴσα
899 3409 979 3476 (corr.
999 3427 1037 3465 m.
1059 3415 1131 3483 rec.)

95 3471 177 3552 ἐστίν
200 3475 229 3530 V.
307 3483 332 3536 3,
354 3472 455 3534 ἐκεῖνα
472 3476 508 3548 V,
528 3493 599 3533 cort.
615 3493 655 3532 m.
671 3492 728 3531 τοι.
800 3483 825 3530 4.
843 3478 917 3547 tuce}
933 3495 985 3534 om.
1006 3499 1033 3551 q.
