2340 3818
465 164 646 215 APPENDIX
664 165 699 218 H.
1020 161 1086 225 423

70 330 147 372 τινα
175 307 233 389 τῆς
261 310 363 370 ΔΕΖ
390 307 608 389 τριπλασίονα
636 302 740 389 λόγον
768 307 834 388 ἔχει
866 301 948 390 ἥπερ
977 300 997 389 ἡ
1024 309 1091 370 ΒΓ

71 409 154 497 πρὸς
177 408 239 495 τὴν
264 417 333 477 ΕΖ.
1046 493 1055 509 ·

138 519 169 582 εί
182 513 246 603 γὰρ
262 514 421 601 δυνατόν,
444 512 464 601 ἡ
480 520 586 582 ΑΒΓ
597 527 723 602 σφαῖρα
737 514 821 603 πρὸς
834 520 968 601 μείζονα
983 514 1086 600 λόγον

72 622 170 707 ἐχέτω
193 630 252 708 τῆς
266 629 369 688 ΔΕΖ
393 627 537 710 σφαίρας
559 619 642 708 πρὸς
665 620 726 707 τὴν
741 628 772 688 A
795 620 878 709 ἥπερ
897 620 995 707 ἡΒΓ
1004 619 1087 708 πρὸς

71 726 132 813 τὴν
156 735 227 795 ΕΖ.
272 724 440 795 ἀνάπαλιν
463 726 529 815 ἄρα
552 725 572 814 ἡ
597 733 629 794 Α
651 740 779 814 σφαῖρα
801 726 885 816 πρὸς
908 725 1091 812 τὴνΑΒΓ

72 847 220 922 σφαῖραν
243 839 461 921 τριπλασίονα
484 832 588 920 λόγον
612 838 678 920 ἔχει
701 831 783 921 ἤπερ
802 830 823 919 ἡ
844 840 905 899 ΕΖ
924 831 1007 922 πρὸς
1024 831 1086 919 τὴν

70 945 141 1007 ΒΓ.
179 937 223 1019 ὡς
246 939 283 1008 δὲ
301 937 322 1027 ἡ
338 948 369 1007 A
387 953 514 1028 σφαῖρα
532 939 615 1029 πρὸς
629 939 668 1027 τὴ
683 946 956 1027 ΑΒΓσφαίραν,
981 937 1087 1020 οὕτως

71 1042 92 1130 ἡ
108 1053 141 1111 A
147 1053 209 1112 EZ
228 1060 355 1135 σφαῖρα
372 1046 640 1135 πρὸς-ἐλάσσονά
659 1072 734 1114 τινα
748 1050 806 1132 τῆς
820 1051 923 1113 ΑΒΓ
933 1051 1085 1134 σφαίρας.

71 1152 127 1217 καὶ
151 1149 171 1238 ἡ
188 1160 291 1220 ΔΕΖ
314 1152 379 1240 ἄρα
403 1167 530 1240 σφαῖρα
548 1152 632 1237 πρὸς
646 1151 812 1221 ἐλάσσονα
826 1178 902 1219 τινα
915 1157 974 1239 τῆς
988 1162 1020 1219 Α
1026 1159 1053 1219 Β
1059 1158 1110 1219 Γ·

71 1263 216 1344 σφαίρας
239 1263 457 1343 τριπλασίονα
480 1259 584 1345 λόγον
608 1263 673 1345 ἔχει
696 1256 779 1346 ἥπερ
803 1255 897 1344 ἡΕΖ
919 1258 1002 1347 πρὸς
1024 1257 1082 1345 τὴν

70 1368 144 1428 ΒΓ·
174 1359 254 1446 ὅπερ
278 1360 458 1433 ἀδύνατον.
505 1363 566 1433 οὐκ
594 1364 659 1453 ἄρα
687 1362 707 1451 ἡ
731 1370 834 1432 ΑΒΓ
853 1378 980 1451 σφαῖρα
1002 1364 1085 1452 πρὸς

71 1466 206 1554 μείζονα
234 1493 309 1536 τινα
337 1481 396 1555 τῆς
422 1479 524 1539 ΔΕΖ
553 1476 698 1560 σφαίρας
730 1475 949 1558 τριπλασίονα
980 1469 1085 1556 λόγον

72 1580 138 1659 ἔχει
161 1572 244 1661 ἥπερ
268 1572 288 1660 ἡ
312 1581 381 1642 ΒΓ
399 1574 484 1663 πρὸς
505 1577 567 1663 τὴν
586 1585 657 1644 ΕΖ.
695 1579 830 1664 ἐδείχθη
855 1578 906 1661 δέ,
931 1575 981 1644 ὅτι
1005 1573 1085 1644 οὐδὲ

71 1679 154 1765 πρὸς
178 1678 352 1748 ἐλάσσονα.
389 1679 410 1767 ἡ
425 1688 527 1748 ΑΒΓ
546 1695 672 1768 σφαῖρα
691 1682 774 1770 πρὸς
790 1682 854 1770 τὴν
868 1691 968 1750 ΔΕΖ
988 1695 1085 1769 σφαί-

72 1813 136 1874 ραα
159 1791 377 1872 τριπλασίονα
401 1786 504 1872 λόγον
523 1791 588 1873 ἔχει
612 1786 694 1875 ἤπερ
718 1785 739 1874 ἡ
755 1796 822 1857 ΒΓ
840 1788 923 1877 πρὸς
936 1787 997 1875 τὴν
1013 1795 1084 1856 ΕΖ.

335 1907 522 1978 Εὐκλείδου
545 1913 750 2000 στοιχείωνῑ)
772 1901 821 1998 [A.
846 1989 848 1994 ,

145 2106 171 2172 1)
189 2105 265 2160 Infra
283 2104 346 2160 add.
366 2110 493 2174 στερεῶν.
