2340 3818
460 135 643 188 APPENDIX
661 137 682 188 1.
1019 131 1083 195 347

61 277 212 363 adparet,
250 300 319 345 esse
351 281 471 361 AP-l-
489 283 555 343 ΔΖ
569 289 604 354 >
619 283 704 363 ΗΚ,
736 282 804 343 ΑΓ
816 280 856 360 -Ι-
873 281 946 342 HK
958 289 992 351 >
1008 281 1083 345 AZ.

62 385 152 470 dieo,
181 407 251 450 esse
275 385 373 450 eliam
397 390 431 449 Δ
438 390 464 450 Ζ
481 387 520 467 -Ι-
536 390 611 451 HK
623 395 657 458 >
672 386 746 449 ΑΓ.
791 406 868 448 nam
897 384 937 447 ad
960 388 1082 448 rectam

61 495 128 556 AB
154 495 187 556 el
208 495 366 577 punctum
390 493 459 557 eius
483 497 512 558 Β
536 494 744 556 construatur
767 494 904 567 LABA
921 493 1084 554 =He1<

63 597 106 682 [1,
135 599 206 680 23],
240 603 273 663 et
298 603 441 684 ponatur
469 603 534 663 BA
549 629 591 651 =
606 603 671 662 AB
686 628 729 651 =
744 599 863 662 Br=
879 600 949 660 ΔΕ
962 626 1004 648 =
1019 599 1082 659 ΕΖ

63 735 106 759 --
120 710 190 771 He
203 736 246 759 =
263 709 342 788 ΘΚ,
375 710 407 770 el
434 705 593 770 ducantur
620 709 652 768 A
662 708 710 788 A,
744 706 818 769 AF.
869 707 902 768 el
929 701 1081 786 quoniam

64 811 146 876 duae
178 816 245 877 AB
250 863 259 896 ‚
294 817 357 878 BA
388 812 513 877 duabus
545 817 582 876 H
585 817 626 895 Θ,
663 816 731 877 ΘΚ
762 811 911 896 singulae
944 809 1080 894 siugulis

62 919 216 1002 aequales
236 921 312 983 sunl
330 923 362 983 el
381 918 518 1004 angulos
538 918 689 1003 aequales
709 916 993 1002 comprehendunt,
1016 916 1080 980 erit

61 1028 127 1089 AA
144 1055 185 1077 =
200 1028 275 1089 HK
298 1023 408 1110 [1,4].
455 1028 487 1089 el·
511 1025 665 1110 quoniam
688 1024 801 1110 anguli
825 1023 866 1089 ad
889 1027 1012 1108 puncta
1037 1028 1080 1108 Ε,

60 1134 90 1194 Θ
112 1130 215 1215 positi
238 1131 358 1216 angulo
382 1133 484 1196 ΑΒΓ
503 1131 643 1196 maiores
668 1134 756 1211 sunl,
781 1153 917 1216 quorum
936 1134 1081 1206 [ΗΘΚ

61 1266 104 1289 =
119 1240 236 1322 ABA,
265 1238 402 1324 angulus
433 1239 473 1302 ad
496 1240 529 1301 Ε
552 1238 680 1322 positus
709 1236 829 1322 angulo
853 1240 885 1301 A
891 1239 956 1301 ΒΓ
975 1237 1079 1302 maior

61 1342 136 1408 erit.
185 1347 218 1408 el
250 1344 404 1429 quoniam
437 1344 518 1408 duae
547 1347 578 1409 A
584 1349 612 1408 B
617 1395 626 1429 ,
659 1347 724 1408 ΒΓ
748 1343 873 1408 duabus
901 1348 935 1407 A
941 1348 983 1427 E,
1016 1347 1079 1409 ΕΖ

59 1450 213 1534 aequales
229 1455 361 1544 sunlqel
375 1457 397 1526 L
411 1455 514 1515 AEZ
528 1461 562 1524 >
579 1454 686 1535 ΑΒΓ,
701 1451 763 1516 erit
778 1451 877 1516 eliam
894 1455 955 1515 ΔΖ
969 1461 1004 1526 >
1019 1453 1084 1516 ΛΓ

59 1555 104 1636 sl,
137 1556 205 1638 24].
260 1556 554 1623 demonslrauimus
595 1561 716 1641 autem,
754 1579 823 1623 esse
856 1561 930 1622 HK
943 1589 985 1610 =
1001 1562 1033 1621 A
1038 1562 1078 1623 A.

56 1661 170 1746 itaque
194 1664 256 1727 erit

323 1775 357 1834 A
363 1774 390 1834 Z
405 1772 446 1854 -Ι·
461 1774 536 1835 HK
548 1780 583 1845 >
596 1774 665 1834 AA
681 1772 720 1852 -Ι-
741 1774 773 1834 A
779 1772 815 1836 Γ.

56 1915 174 1958 uerum
197 1897 265 1957 AA.
277 1896 317 1976 -Ι-
333 1897 445 1970 ΛΓ>
459 1898 533 1961 ΑΓ.
579 1895 683 1960 multo
706 1895 809 1981 igitur
832 1894 937 1979 magis
961 1894 1025 1958 erit

394 2023 460 2083 ΔΖ
476 2021 517 2100 -l-
532 2023 607 2084 HK
619 2028 653 2091 >
668 2023 700 2082 Α
705 2021 741 2083 Γ.

60 2161 139 2226 ergo
166 2148 328 2208 rectarum
356 2145 429 2228 ΑΓ,
462 2147 544 2227 AZ,
577 2146 652 2207 HK
676 2142 757 2207 duae
783 2142 908 2227 reliqua
934 2143 1074 2208 maiores

60 2253 139 2312 sunl·
163 2249 307 2332 quolibet
330 2248 427 2314 modo
451 2249 649 2314 eoniunetae.
685 2249 755 2313 fieri
778 2248 880 2333 igilur
897 2252 1016 2334 potest,
1038 2253 1075 2314 ul

58 2375 99 2420 ex
125 2356 224 2420 realis
253 2356 441 2440 aequalibus
469 2357 566 2420 restis
589 2358 663 2436 ΑΓ,
691 2359 770 2440 ΔΖ,
797 2359 872 2420 HK
891 2355 1073 2440 triangulus

59 2465 280 2547 eonstruatur3
304 2462 389 2547 quod
413 2467 483 2528 erat
506 2462 801 2528 demonstrandum.
