2340 3818
332 149 608 202 ELEMENTORUM
620 150 730 200 LIBER
747 150 795 201 XI.
1023 147 1067 210 29

55 292 94 356 ad
121 291 210 356 idem
238 291 371 375 planum
398 292 672 375 perpendicularis
700 292 776 374 eril3
805 291 891 375 quod
919 296 990 356 erat
1017 291 1070 356 de·

56 397 311 501 monstrandum.

533 521 590 585 IX.

123 663 212 739 Quae
226 664 330 728 eidem
344 668 451 729 rectae
465 663 642 746 parallelae
657 667 742 742 sunt,
756 664 855 728 etiam
870 663 943 726 siin
957 662 1071 727 eodem

56 770 157 851 plano
178 793 245 835 non
268 774 353 854 sunt,
376 771 476 834 eliam
499 770 586 834 inter
609 791 643 832 se
666 770 844 852 parallelae
868 773 953 833 sunt.

297 903 327 958 Θ
464 898 490 951 Α
600 872 687 940 Nam
719 879 856 959 utraque
888 879 969 957 ΑΒ,
1003 876 1072 938 ΓΔ

533 984 640 1045 rectae
660 985 722 1045 ΕΖ
745 981 905 1064 parellela
928 981 980 1064 sit,
1003 1002 1070 1045 non

533 1085 660 1170 positae
679 1087 713 1150 in
727 1087 840 1152 eodem
853 1088 961 1171 plano.
989 1087 1070 1170 dicu,

534 1197 599 1257 AB
637 1197 744 1257 rectae
780 1195 848 1256 ΓΛ
880 1193 1071 1276 parallelam

534 1320 613 1363 esse.

453 1067 481 1116 B

297 1281 326 1334 K
454 1279 485 1334 Γ

123 1408 272 1468 sumatur
299 1405 384 1468 enim
412 1406 448 1468 in
471 1408 533 1467 ΕΖ
561 1405 698 1488 quodnis
720 1409 876 1488 punctum
901 1410 946 1489 H,
974 1411 1006 1471 et
1030 1407 1071 1471 ab

57 1532 97 1576 eo
113 1511 154 1574 ad
172 1514 294 1575 rectam
308 1514 370 1573 ΕΖ
384 1493 659 1594 perpendicularis
674 1511 811 1576 ducatur
828 1513 863 1574 in
876 1512 976 1595 plano
991 1517 1072 1596 ΕΖ,

55 1620 123 1680 ΑΒ
142 1619 304 1681 rectarum
324 1619 405 1700 ΗΘ,
428 1617 463 1679 in
481 1617 580 1700 plano
600 1621 709 1681 aulem
731 1621 806 1700 ΖΕ,
824 1620 892 1681 ΓΔ
910 1622 1071 1683 rectarum

59 1721 102 1787 ad
119 1725 178 1787 ΕΖ
197 1744 308 1787 rursus
326 1722 602 1806 perpendicularis
617 1723 752 1788 ducatur
766 1727 846 1788 HK.
871 1728 904 1788 et
918 1725 1072 1808 quoniam

56 1833 120 1894 EZ
148 1829 189 1892 ad
216 1834 387 1912 utramque
410 1831 493 1911 ΗΘ,
523 1833 598 1893 ΗΚ
619 1829 896 1914 perpendicularis
920 1833 983 1909 est,
1010 1832 1073 1892 EZ

57 1935 157 1999 etiam
182 1935 381 2020 adplenum
405 1938 565 2000 rectarum
588 1938 676 2018 ΗΘ,
700 1939 775 1999 ΗΚ
795 1934 1072 2018 perpendicularis

59 2043 111 2105 est
133 2042 237 2124 [prop.
261 2039 490 2122 wierez
513 2044 619 2106 rectae
643 2045 710 2104 AB
733 2039 893 2124 parallela
917 2042 1037 2104 eslati

58 2167 121 2231 que
144 2146 244 2211 eliam
264 2150 329 2211 AB
353 2147 548 2231 adplenum
567 2149 728 2211 rectarum
747 2149 830 2224 ΘΗ,
849 2148 923 2209 HK
938 2169 1073 2232 perpen-

56 2252 211 2317 dicularis
235 2257 285 2318 est
309 2255 414 2338 [prop.
432 2252 537 2334 VHH.
575 2253 688 2317 eadem
711 2252 749 2316 de
773 2275 870 2317 causa
888 2252 987 2317 etiam
1006 2257 1074 2318 ΓΔ

57 2359 98 2424 ad
129 2359 264 2443 planum
300 2363 462 2424 rectarum
494 2363 580 2442 ΘΗ,
608 2351 682 2423 HK
707 2359 981 2443 perpendicularis
1010 2363 1073 2442 esl3

57 2487 157 2549 quare
175 2469 311 2549 utraque
326 2468 408 2548 AB,
428 2468 494 2529 ΓΛ
513 2465 553 2529 ad
572 2466 704 2549 planum
725 2468 885 2528 rectarum
899 2468 982 2548 ΘΗ,
1001 2468 1076 2529 ΗΚ

56 2571 333 2654 perpendicularis
358 2575 416 2636 est.
458 2571 510 2635 sin
532 2571 613 2635 duae
637 2575 742 2636 rectae
767 2571 808 2635 ad
832 2571 918 2636 idem
940 2573 1074 2655 planum

56 2676 339 2761 perpendiculares
358 2682 442 2760 sunt,
461 2681 568 2743 rectae
587 2678 762 2762 parallelae
782 2682 859 2742 sunl
879 2680 984 2762 [prop.
1003 2677 1073 2758 VI].

58 2802 137 2865 ergo
161 2787 228 2847 AB
252 2787 357 2848 rectae
381 2786 447 2847 ΓΛ
469 2783 628 2866 parallela
652 2788 715 2868 θεὲ,
739 2785 825 2868 quod
849 2788 920 2848 erat
943 2785 1074 2850 demon-

57 2887 235 2953 slrandnm.

55 3115 85 3170 P.
177 3111 256 3172 19,ἄ
258 3116 480 3204 (m.]supraF
538 3122 615 3171 20st
616 3117 739 3241 chorr
759 3133 826 3172 exc
827 3116 914 3171 ὤνΡ.
999 3118 1070 3182 ΗΘ,

57 3190 174 3241 HKm.
193 3185 289 3242 ΕΝ.
397 3193 439 3243 22.
460 3179 511 3241 ωσι
529 3187 586 3242 Vb
695 3186 749 3242 σ
739 3186 881 3258 ]ἔσον
883 3188 964 3243 μιν

14 3310 17 3315 .
56 3262 100 3311 23
120 3252 191 3327 ὅπερ
212 3255 271 3312 ἔδει
289 3258 370 3324 cerea
351 3259 395 3330 αι]
415 3274 468 3340 orn
488 3257 522 3312 V.
