2340 3818
90 135 153 199 192
453 134 654 186 Σνουιειιεω
673 129 723 202 ιμ’.

88 278 178 345 ἐστὶν
202 276 381 344 ἀδύνατον.
419 271 481 342 ούκ
503 272 570 360 άρα
593 272 683 341 ἐστὶν
712 270 932 358 ὁκύλινδρος
954 283 1019 341 τοῦ
1041 271 1104 340 κώ-

88 410 151 451 νου
174 388 293 468 μείζων
316 378 336 468 ἢ
360 380 562 466 τριπλάσιος.

156 490 252 574 Λέγω
276 489 334 574 δή,
359 489 411 555 ὅτι
435 485 515 555 οὐδὲ
538 485 684 553 ἐλάττων
707 486 798 553 ἐστὶν
821 481 842 571 ἢ
866 484 1062 573 τριπλάσιος
1086 482 1104 553 δ

88 594 267 683 κύλινδρος
290 598 350 662 τοῦ
373 593 494 662 κώνου.

54 721 71 770 5
157 705 202 766 Εί
223 697 285 786 γὰρ
310 701 468 783 δυνατόν,
491 703 574 766 ἔστω
594 697 739 766 ἐλάττων
757 693 778 783 ἢ
798 697 994 784 τριπλάσιος
1012 695 1031 766 ὁ
1050 697 1106 765 κύ-

90 810 227 894 λινδρος
252 808 313 872 τοῦ
341 805 468 873 κώνου·
496 801 665 872 ἀνάπαλιν
691 802 758 888 άρα
786 803 937 883 ὃκώνος
957 807 1021 872 τού
1052 830 1108 872 κν-

90 916 232 997 λίνδρου
263 916 383 998 μείζων
417 910 506 977 ἐστὶν
534 905 554 996 ἢ
582 915 696 995 τρίτον
723 910 830 996 μέρος.
881 909 1107 996 ἐγγεγράφθω

92 1018 134 1104 δὴ
159 1022 206 1095 είς
227 1015 288 1084 τὸν
306 1021 440 1083 ΑΒΓΔ
462 1015 587 1083 κύκλον
609 1015 821 1100 τετράγωνον
843 1013 881 1083 τὸ
896 1021 1046 1083 ΑΒΓΔ·
1071 1015 1109 1083 τὸ

91 1128 225 1192 ΑΒΓΔ
248 1123 313 1207 ίίρα
336 1121 546 1207 τετράγωνον
569 1120 681 1206 μεῖζόν
704 1123 795 1188 ἐστιν
819 1116 839 1207 ἢ
864 1119 901 1188 τὸ
921 1121 1028 1208 ἥμισυ
1046 1125 1109 1189 τοῦ

40 1251 73 1298 10
92 1235 226 1296 ΑΒΓΔ
249 1227 383 1294 κύκλου.
416 1228 471 1294 καλ
490 1225 660 1294 ἀνεστάτω
679 1225 744 1294 άπὸ
763 1229 824 1294 τού
842 1231 977 1293 ΑΒΓΔ
994 1252 1110 1313 τετρα-

91 1334 206 1420 γώνου
233 1333 378 1419 πυραμὶς
404 1332 467 1419 τὴν
491 1331 596 1418 αὐτὴν
614 1331 769 1418 κορυφὴν
789 1337 911 1420 ἔχουσα
929 1335 976 1422 τῷ
994 1331 1110 1424 κώνῳ·

92 1437 112 1524 ἡ
136 1437 201 1526 άρα
225 1436 454 1505 άνασταθείσα
477 1438 621 1523 πυραμὶς
644 1443 764 1523 μείζων
787 1437 877 1505 ἐστὶν
899 1433 920 1523 ἢ
939 1435 979 1504 τὸ
1002 1437 1110 1524 ἥμισυ

92 1546 192 1630 μέρος
209 1547 270 1610 τοῦ
284 1543 407 1628 κώνου,
427 1544 614 1630 ἐπειδήπερ,
634 1540 679 1623 ώς
693 1549 885 1629 ἔμπροσθεν
900 1546 1111 1630 ἐδείκνυμεν,

93 1651 145 1718 ὅτι
173 1648 231 1717 ἐὰν
259 1647 334 1733 περὶ
360 1646 422 1715 τὸν
449 1646 573 1716 κύκλον
600 1648 812 1733 τετράγωνον
839 1647 1112 1736 περιγράψωμεν,

42 1777 74 1825 15
94 1761 185 1824 ἔσται
208 1756 246 1822 τὸ
269 1759 404 1821 ΑΒΓΔ
425 1753 637 1841 τετράγωνον
659 1752 764 1840 ἥμισυ
785 1765 847 1823 τοῦ
869 1753 943 1841 περὶ
966 1753 1031 1822 τὸν
1055 1752 1113 1823 κύ·

92 1870 175 1929 κλον
202 1860 510 1947 περιγεγραμμένον
531 1860 756 1946 τετραγώνου·
783 1861 839 1927 καὶ
867 1859 927 1928 ἐάν
950 1857 1018 1928 άπὸ
1043 1865 1112 1929 τών

93 1969 310 2052 τετραγώνων
355 1963 471 2050 στερεά
511 1970 822 2052 παραλληλεπίπεδα
867 1963 1113 2053 ἀναστήσωμεν

95 2078 220 2158 ἰσοϋψῆ
244 2083 290 2162 τῷ
313 2073 428 2161 κώνῳ,
452 2068 474 2138 ἃ
497 2072 553 2139 καλ
576 2080 723 2139 καλεῖται
746 2078 927 2159 πρίσματα,
955 2075 1051 2139 ἔσται
1073 2070 1113 2140 τὸ

94 2176 287 2245 ἀνασταθὲν
316 2177 381 2245 άπὸ
413 2181 474 2245 τού
504 2183 638 2246 ΑΒΓΔ
668 2177 881 2265 τετραγώνου
911 2177 1017 2264 ἥμισυ
1049 2189 1114 2247 τοῦ

42 2305 77 2354 20
96 2283 346 2360 ἀνασταθέντος
368 2281 433 2350 άπὸ
457 2290 518 2351 τοῦ
535 2285 610 2369 περὶ
628 2283 690 2350 τὸν
707 2283 833 2351 κύκλον
846 2285 1116 2371 περιγραφέντος

94 2388 319 2474 τετραγώνου·
338 2386 422 2474 πρὸς
440 2389 566 2473 άλληλα
580 2388 644 2474 γάρ
660 2394 746 2457 είσιν
761 2387 805 2469 ώς
819 2392 856 2457 αί
868 2388 992 2475 βάσεις.
1027 2388 1117 2459 ὥστε

95 2502 151 2562 καλ
174 2494 214 2561 τὰ
237 2499 344 2579 τρίτα·
372 2492 427 2559 καὶ
451 2494 595 2580 πυραμὶς
618 2493 698 2582 άρα,
726 2487 766 2581 ἧς
796 2494 892 2580 βάσις
913 2493 952 2562 τὸ
976 2501 1117 2565 ΑΒΓΔ

95 2599 322 2686 τετράγωνον,
354 2597 459 2684 ἥμισύ
486 2601 555 2667 ἐστι
582 2610 641 2686 τῆς
668 2605 855 2687 πυραμίδος
880 2612 940 2689 τῆς
966 2599 1115 2691 άναστα-

96 2710 214 2792 θείσης
236 2703 301 2773 άπὸ
323 2709 385 2773 τοῦ
404 2706 479 2790 περὶ
497 2705 558 2773 τὸν
575 2706 701 2774 κύκλον
719 2708 980 2795 περιγραφέντος
996 2733 1116 2796 τετρα·

43 2833 78 2882 25
97 2812 219 2899 γώνου.
269 2817 327 2879 καί
352 2814 418 2880 ἐστι
448 2818 567 2898 μείζων
599 2810 620 2897 ἡ
652 2812 798 2898 πυραμίς
828 2810 849 2900 ἡ
881 2815 1117 2882 ἀνασταθεῖσα

97 2917 162 2985 άπὸ
194 2930 254 2986 τοῦ
286 2919 360 3003 περὶ
397 2917 457 2985 τὸν
489 2919 613 2985 κύκλον
645 2916 855 3005 τετραγώνου
886 2922 948 2987 τοῦ
980 2919 1117 2989 κώνου·

98 3026 280 3111 ἐμπεριέχει
307 3023 371 3111 γάρ
400 3022 512 3092 αὐτόν.
562 3022 583 3109 ἡ
612 3021 676 3109 άρα
703 3023 863 3111 πυραμὶς,
890 3013 930 3109 ἧς
951 3023 1055 3110 βάσις
1076 3025 1117 3094 τὸ

171 3242 194 3290 1.
215 3232 301 3306 ἐστίν]
323 3252 377 3289 om.
397 3234 430 3288 V.
519 3233 606 3306 ἐστίν]
628 3231 706 3290 ἔσται
724 3236 790 3290 BV
877 3231 964 3291 τόνου
1022 3239 1117 3293 etsie

98 3309 198 3374 postea
216 3323 308 3375 saepe.
382 3311 405 3360 3
427 3302 515 3392 ἐστίν]
534 3323 588 3360 om.
608 3305 641 3360 V.
714 3302 907 3374 τριπλάσιόςέ
893 3255 1023 3363 §.mth

99 3384 123 3432 8.
143 3375 174 3430 τὸ
194 3381 352 3431 ΑΒΓΔ-
373 3382 396 3430 9.
415 3373 605 3464 τετράγωνον]
625 3394 680 3446 mg
699 3395 735 3433 m.
757 3376 822 3432 1P.
914 3382 955 3432 10
974 3376 1118 3465 τετραγώ-

98 3448 212 3519 vov]1n
230 3465 283 3503 ras.
303 3465 329 3515 q
440 3452 481 3501 13.
501 3445 596 3518 μέρος]
616 3465 670 3502 om.
691 3448 723 3503 V.
831 3454 873 3503 14.
891 3445 1120 3520 περιγράψωμεν
