2340 3818
108 155 171 219 170
370 166 375 176 ·
477 154 678 207 Σνοσιοεοα
697 150 747 225 ιμ’.

161 295 335 364 Ἔστωσαν
348 293 415 364 ὑπὸ
431 294 467 364 τὸ
488 293 569 364 αὐτὸ
588 294 676 378 ὕψος
693 299 890 382 πυραμίδες,
911 284 960 362 οἷν
976 294 1043 377 [ac]
1062 289 1121 378 βά-

105 421 173 483 σεις
196 402 257 490 μὲν
280 401 320 470 τά
344 409 530 489 ΑΒΓΔΕ,
560 408 734 470 ΖΗΘΚΛ
757 400 949 488 πολύγωνα,
971 399 1120 488 κορυφαὶ

104 509 142 577 δὲ
164 507 204 576 τά
228 517 282 594 M,
306 517 344 578 N
363 523 497 597 σημεῖα·
520 512 621 596 λέγω,
650 508 701 577 ὅτι
725 508 816 577 ἐστὶν
839 504 926 594 ὡςή
952 511 1122 574 ΑΒΓΔΕ

103 615 199 701 βάσις
222 615 305 704 πρὸς
326 616 389 702 τήν
409 622 582 683 ΖΗΘΚΛ
601 613 713 701 βάσιν,
738 611 882 701 οὕτωςή
903 619 1124 682 ΑΒΓΔΕΜ

69 740 84 789 5
103 724 248 810 πυραμὶς
270 721 353 810 πρὸς
375 720 438 807 τήν
463 729 681 790 ΖΗΘΚΛΝ
701 725 881 809 πυραμίδα.

168 828 439 916 Ἐπεζεύχθωσαν
461 827 525 915 γὰρ
550 830 587 895 αί
608 834 684 915 ΑΓ,
712 837 798 913 ΑΔ,
826 834 902 911 ΖΘ,
934 833 1007 894 ΖΚ.
1051 826 1118 894 ἐπεὶ

104 929 167 1005 οὖν
193 937 254 1005 δύο
279 939 462 1021 πυραμίδες
485 937 571 1003 εἰσὶν
593 938 631 1003 αί
653 940 809 1019 ΑΒΓΜ,
833 939 984 1000 ΑΓΔΜ
1001 931 1118 1019 τριγω-

102 1071 183 1123 υους
216 1048 351 1129 ἔχουσαι
383 1041 497 1127 βάσεις
529 1042 584 1109 καὶ
616 1041 704 1121 ὕψος
735 1049 827 1127 ίσου,
859 1038 944 1127 πρὸς
973 1036 1118 1126 άλλήλας

103 1150 189 1216 είσλν
212 1147 258 1227 ὡς
281 1151 318 1214 αί
338 1147 463 1233 βάσεις·
488 1153 578 1217 έστιυ
601 1147 668 1234 άρα
691 1144 737 1227 ὡς
758 1145 779 1233 ή
799 1152 901 1215 ΑΒΓ
919 1144 1019 1231 βάσις
1037 1144 1117 1233 πρὸς

51 1272 83 1320 10
101 1253 164 1340 τήν
187 1259 286 1322 ΑΓΔ
309 1253 420 1340 βάσιν,
444 1255 551 1334 οὕτως
573 1252 594 1340 ή
614 1260 765 1321 ΑΒΓΜ
781 1252 927 1339 πυραμὶς
949 1250 1034 1339 πρὸς
1057 1250 1115 1338 τήν

102 1365 251 1427 ΑΓΔΜ
267 1365 446 1449 πυραμίδα.
487 1362 543 1428 καὶ
567 1361 728 1428 συνθέντι
752 1357 797 1440 ὡς
819 1357 840 1447 ή
860 1364 995 1428 ΑΒΓΔ
1021 1358 1114 1444 βάσις

102 1463 186 1553 πρὸς
213 1465 275 1553 τὴν
303 1473 401 1535 ΑΓΔ
428 1465 546 1553 βάσιν,
581 1465 687 1547 οὕτως
714 1463 734 1554 ἡ
763 1471 949 1534 ΑΒΓΔΜ
973 1464 1113 1552 πυραμὶς

102 1569 186 1658 πρὸς
212 1574 274 1660 τήν
300 1579 449 1642 ΑΓΔΜ
470 1577 650 1662 πυραμίδα.
702 1570 786 1640 άλλδι
813 1573 868 1640 καὶ
896 1569 942 1650 άς
968 1568 990 1658 ή
1018 1576 1114 1638 ΑΓΔ

103 1677 201 1763 βάσις
223 1676 307 1764 πρὸς
329 1677 392 1767 τήν
415 1687 522 1747 ΑΔΕ
542 1679 654 1766 βάσιν,
678 1676 785 1757 οὕτως
807 1675 828 1764 ή
853 1683 997 1745 ΑΓΔΜ
1015 1700 1113 1764 πυρα·

53 1802 84 1851 15
104 1785 159 1870 μλς
182 1782 264 1871 πρὸς
287 1784 349 1874 τήν
372 1793 528 1855 ΑΔΕΜ
545 1789 724 1873 πυραμίδα.
766 1780 811 1851 δι’
838 1791 915 1851 ίσου
938 1781 1004 1869 άρα
1029 1778 1112 1868 ὡςή

103 1897 238 1958 ΑΒΓΔ
252 1894 349 1978 βάσις
362 1891 445 1981 πρὸς
458 1891 521 1979 τήν
535 1900 643 1960 ΑΔΕ
654 1890 766 1977 βάσιν,
784 1888 890 1970 οὕτως
904 1886 924 1977 ἡ
936 1893 1117 1957 ΑΒΓΔΜ

102 1999 247 2084 πυραμὶς
274 1996 358 2087 πρὸς
386 1997 448 2086 τήν
471 2005 623 2067 ΑΔΕΜ
645 2000 826 2086 πυραμίδα.
871 1995 926 2063 καὶ
955 1997 1113 2064 συνθέντι

101 2102 212 2187 πάλιν,
242 2101 286 2184 ὡς
313 2103 334 2191 ή
362 2110 534 2172 ΑΒΓΔΕ
558 2103 656 2191 βάσις
682 2102 766 2190 πρὸς
792 2102 854 2190 τήν
877 2109 981 2170 ΑΔΕ
1006 2101 1113 2188 βάσιν,

103 2205 207 2287 οὕτως
230 2207 251 2295 ή
272 2217 485 2278 ΑΒΓΔΕΜ
497 2210 644 2298 πυραμὶς
662 2207 746 2295 πρὸς
762 2207 825 2295 τήν
843 2213 1001 2276 ΑΔΕΜ
1013 2231 1113 2295 πυρα·

50 2333 83 2382 20
102 2318 192 2400 μίδα.
233 2312 357 2401 ὁμοίως
380 2314 422 2402 δή
447 2315 669 2404 δειχθήσεται,
694 2313 745 2383 ὅτι
767 2315 822 2382 καὶ
842 2312 887 2395 ὡς
905 2312 927 2400 ἡ
947 2319 1113 2382 ΖΗΘΚΛ

102 2422 197 2506 βάσις
219 2420 303 2508 πρὸς
325 2420 388 2507 τήν
407 2429 507 2488 ΖΗΘ
530 2423 642 2509 βάσιν,
667 2420 773 2501 οὕτως
790 2422 847 2489 καὶ
865 2418 886 2508 ή
906 2424 1117 2489 ΖΗΘΚΛΝ

102 2527 247 2614 πυραμὶς
273 2525 357 2615 πρὸς
384 2526 445 2613 τήν
473 2533 617 2596 ΖΗΘΝ
640 2532 820 2614 πυραμίδα.
870 2527 926 2595 καὶ
954 2527 1026 2596 ἐπεὶ
1054 2525 1112 2594 δύο

100 2637 284 2721 πυραμίδες
303 2634 388 2702 εἰσὶν
402 2637 439 2700 αί
451 2641 611 2720 ΑΔΕΜ,
627 2641 771 2702 ΖΗΘΝ
780 2633 966 2723 τριγώνους
980 2638 1113 2722 ἔχουσαι

174 2855 196 2901 1.
213 2845 256 2919 αί]
271 2848 360 2904 deleo.
416 2838 454 2901 ὧν
468 2879 497 2886 -
511 2854 534 2901 2.
546 2847 686 2916 κορυφαί]
702 2843 882 2915 πολυγώνους
893 2845 1010 2916 ἔχουσαι
1021 2844 1113 2920 βάσεις

102 2916 152 2980 τὰς
166 2922 321 2988 ΑΒΓΔΕ,
338 2920 495 2988 ΖΗΘΚΛ,
510 2913 639 2987 κορυφάς
654 2918 750 2972 Theon
766 2916 865 2986 (BVq).
923 2923 947 2971 6.
965 2914 1111 2987 έπεζεάχθ.

101 3019 134 3029 -
157 2996 197 3045 10.
219 2986 312 3063 βάσιν]
334 2985 479 3060 δι’,ρρήσθω
499 2985 553 3058 γάρ
572 2986 589 3057 ἡ
605 2986 657 3058 μὲν
671 2991 808 3043 ΑΒΓΔΕ
828 2983 908 3061 βάσις
923 2986 963 3050 είς
977 2986 1012 3043 τά
1028 2990 1112 3055 ΑΒΓ,

101 3064 193 3128 ΛΓΔ,
213 3063 298 3115 ΑΕΔ
316 3062 445 3130 τρίγωνα,
464 3056 482 3128 ή
503 3056 534 3114 δὲ
550 3061 696 3114 ΖΗΘΚΛ
711 3062 755 3130 (Ν
766 3075 836 3114 eras.
852 3060 887 3127 V)
906 3058 946 3122 είς
964 3056 1000 3113 τά
1015 3060 1113 3127 ΖΗΘ,

103 3132 197 3199 ΖΘΚ,
218 3134 296 3185 ΖΚΛ
314 3133 450 3200 τρίγωνα,
471 3132 519 3184 ιιαλ
538 3127 742 3199 νενοήσθωσαν
762 3125 816 3198 ἀφ’
839 3125 957 3185 ἑκάστου
977 3125 1111 3200 τριγάνοο

101 3204 258 3271 πυραμίδες
281 3201 407 3271 ίσουψείς
430 3204 496 3270 (εις
515 3218 583 3256 corr.
603 3218 638 3256 ex
655 3220 695 3255 -οι
713 3220 749 3258 m.
768 3218 823 3258 rec.
843 3201 879 3269 V)
897 3207 960 3263 ταῖς
979 3197 1009 3267 ἐξ
1029 3196 1112 3287 ἀρχῆς

101 3275 239 3345 πυραμίσι,
252 3276 415 3342 (πυραμίσιν
426 3275 457 3341 Β)
473 3273 521 3327 ναὶ
536 3269 602 3327 ἐπεί
614 3269 689 3327 ἔστιν
704 3268 741 3334 ὡς
755 3269 786 3327 τὸ
801 3277 884 3326 ΑΒΓ
893 3273 1032 3342 τρίγωνον
1045 3288 1113 3342 προς

101 3338 132 3397 τὸ
152 3348 231 3397 ΑΓΔ
250 3347 384 3413 τρίγωνον
404 3343 500 3398 Theon
520 3344 629 3412 (BVq).
723 3350 764 3398 11.
783 3341 930 3399 συνθέντα
949 3339 1006 3412 ἄρα
1024 3339 1063 3406 ὡς
1082 3341 1111 3396 V.

172 3410 238 3482 ἡ-
256 3421 296 3469 12.
317 3413 412 3488 βάσιν]
432 3433 487 3484 mg.
507 3435 548 3484 γρ.
568 3412 716 3482 τραπέζιον
736 3418 765 3470 et
783 3434 823 3483 γρ.
843 3416 981 3484 τρίγωνον
995 3432 1032 3469 m.
1049 3411 1110 3479 11²3

97 3481 129 3537 τδ
146 3490 258 3540 ΑΒΓΔ
276 3485 426 3558 τραπέζιον
444 3482 515 3558 πρὸς
533 3481 565 3541 τὸ
586 3490 664 3540 ΑΓΔ
682 3486 819 3555 τρίγωνον
837 3485 934 3541 Theon
953 3483 1060 3555 (BVq).
