2340 3818
85 131 150 195 164
457 133 660 187 mmmm
678 130 727 204 ιμ’.

82 280 186 342 ΑΒΓ
205 276 364 342 ἐπίπεδον
392 277 469 361 δίχα
491 273 699 361 τμηθήσεται
721 272 788 343 ὑπὸ
811 277 872 344 τοῦ
899 279 1016 342 ΟΜΝ
1035 275 1095 342 ἐπι-

82 381 195 448 πέδου.
248 380 305 449 διὰ
333 379 374 448 τά
402 377 486 449 αὐτὰ
521 379 563 468 δή
592 378 692 467 καλή
720 377 786 449 άπὸ
814 384 876 449 τοῦ
904 387 933 448 Θ
959 379 1101 459 κάθετος

84 487 137 554 ἐπὶ
154 485 192 554 τὸ
213 493 318 554 ΔΒΖ
338 490 496 556 ἐπίπεδον
515 490 592 573 δίχα
610 489 818 574 τμηθήσεται
836 484 902 556 ὑπὸ
922 491 984 555 τοῦ
1004 494 1112 555 m

84 594 252 661 ἐπιπέδου.
303 598 362 660 καί
386 597 472 660 εἰσιν
496 601 567 660 ίσαι
590 596 628 660 αἰ
650 590 715 662 άπὸ
744 598 813 662 τάν
836 600 886 679 Η,
915 601 944 661 Θ
965 592 1122 663 κάθετοι

49 700 137 768 οέπί
164 697 205 766 τά
232 704 346 783 ΑΒΓ,
381 705 481 767 ΔΕΖ
509 701 662 767 ἐπίπεδα·
695 706 765 766 ἰσαι
795 697 862 785 άρα
889 699 946 767 καί
973 701 1013 766 αἰ
1038 697 1129 771 άπὸ

85 810 155 874 τῶν
188 811 315 889 ΟΜΝ,
349 812 453 872 ΣΤΥ
482 806 657 893 τριγώνων
690 804 743 873 έπί
779 802 820 872 τά
849 812 965 892 ΑΒΓ,
1004 813 1136 878 ΔΕΖ

83 911 231 980 κάθετοι.
270 914 396 998 ἰσοῦψή
421 910 486 999 άρα
517 912 614 998 [ἐστὶ]
638 909 679 979 τά
702 917 887 999 πρίσματα,
917 902 967 980 ὧν
991 912 1139 1000 βάσεις

84 1019 147 1104 μέν
170 1023 234 1085 εἰσι
257 1016 297 1084 τά
322 1021 437 1104 ΛΞΓ,
461 1025 561 1086 ΡΦΖ
583 1024 746 1106 τρίγωνα,
774 1014 978 1087 άπεναντίον
1004 1018 1042 1087 δὲ
1088 1023 1137 1094 τά

86 1131 212 1210 ΟΜΝ,
240 1133 274 1192 Σ
281 1131 349 1193 ΤΥ.
393 1123 478 1193 ὥστε
504 1125 560 1192 καί
587 1123 627 1192 τά
651 1124 768 1213 στερεά
790 1132 1133 1213 παραλληλεπίπεδα

33 1249 65 1299 10
84 1228 124 1297 τά
164 1228 230 1299 άπὸ
272 1243 340 1299 τῶν
383 1232 569 1320 εἰρημένων
604 1231 801 1319 πρισμάτων
838 1229 1128 1320 ἀναγραφόμενα

85 1340 210 1423 ἰσοϋψῆ
234 1339 289 1404 καί
313 1336 398 1426 πρὸς
420 1337 549 1424 άλληλά
574 1342 687 1423 [εἰσιν]
714 1336 758 1418 ὡς
781 1341 818 1405 αἰ
839 1336 966 1424 βάσεις·
990 1338 1054 1405 κοιλ
1088 1341 1121 1410 τά

83 1440 187 1529 ἡμίση
216 1444 282 1529 άρα
311 1445 401 1512 ἐστὶν
432 1441 476 1523 ὡς
503 1441 524 1530 ή
554 1446 655 1521 ΛΞΓ
678 1446 775 1538 βάσις
804 1442 887 1533 πρὸς
915 1441 978 1530 τήν
1007 1451 1115 1515 ΡΦΖ

85 1547 197 1636 βάσιν,
235 1547 343 1629 οὕτως
378 1548 419 1618 τδι
456 1551 615 1638 εἰρημένα
645 1558 814 1638 πρίσματα
845 1549 930 1636 πρὸς
960 1550 1108 1637 άλληλα·

86 1653 167 1744 ὅπερ
192 1660 260 1724 έδει
284 1656 398 1736 δεῖξαι.

37 1815 69 1864 15
139 1855 148 1878 ,
578 1797 616 1866 ε’.

152 1927 205 1990 Αἰ
230 1920 305 1990 ὑπὸ
331 1919 376 1990 τὸ
401 1918 497 1989 αὐτὸ
524 1919 626 2003 ὕψος
653 1913 770 1989 οὖσαι
792 1926 1016 2010 πυραμίδες
1037 1918 1099 1990 καί

84 2028 306 2118 τριγώνους
336 2034 499 2115 ἔχουσαι
521 2026 659 2113 βάσεις
681 2027 778 2116 πρὸς
801 2026 976 2115 ἀλλήλας
999 2025 1102 2097 εἰσὶν

85 2134 135 2213 ὡς
159 2137 200 2200 αἰ
222 2133 366 2219 βάσεις.

143 2237 318 2308 Ἔστωσαν
341 2236 408 2307 ὑπὸ
432 2239 469 2307 τὸ
494 2237 576 2308 αὐτὸ
601 2237 687 2320 ὕψος
704 2244 899 2329 πυραμίδες,
923 2232 972 2309 ὦν
991 2238 1112 2328 βάσεις

33 2363 67 2412 20
87 2345 148 2433 μὲν
175 2344 216 2412 τά
240 2351 349 2429 ΑΒΓ,
378 2352 480 2412 ΔΕΖ
506 2351 669 2432 τρίγωνα,
698 2347 845 2435 κορυφαί
873 2346 911 2415 δὲ
933 2345 974 2416 τά
996 2352 1043 2432 Η,
1073 2338 1114 2400 Θ

87 2465 218 2538 σημεῖα·
246 2452 349 2536 λέγω,
378 2449 429 2518 ὅτι
457 2451 548 2518 έστίν
576 2449 622 2531 ὡς
649 2450 671 2538 ή
694 2459 797 2521 ΑΒΓ
815 2453 913 2539 βάσις
935 2452 1018 2543 πρὸς
1036 2440 1116 2529 τὴν

88 2564 188 2624 ΔΕΖ
224 2556 341 2642 βάσιν,
380 2553 486 2636 οὕτως
522 2554 543 2644 ή
577 2563 720 2625 ΑΒΓΗ
749 2559 895 2646 πυραμίς
926 2558 1009 2647 πρὸς
1036 2548 1119 2633 τὴν

88 2670 223 2730 ΔΕΖΘ
245 2665 427 2751 πυραμίδα.

153 2773 198 2836 Εἰ
219 2768 283 2856 γάρ
307 2767 352 2855 μή
376 2771 466 2836 ἐστιν
490 2766 535 2848 ὡς
553 2766 573 2854 ή
589 2776 694 2837 ΑΒΓ
708 2768 805 2856 βάσις
822 2773 906 2859 πρδς
924 2770 986 2859 τήν
1001 2766 1079 2839 ΔΓ]
1090 2754 1124 2820 Ζ

34 2893 68 2943 25
87 2875 203 2962 βάσιν,
237 2873 342 2954 οὕτως
373 2873 394 2961 ή
423 2881 566 2944 ΑΒΓΗ
590 2877 736 2963 πυραμίς
767 2874 850 2964 πρὸς
876 2875 939 2965 τὴν
967 2860 1127 2945 ΔΕΖΘ

86 2986 273 3071 πυραμίδα,
307 2987 398 3048 ἔσται
430 2981 476 3060 ὡς
503 2979 523 3068 ή
551 2989 656 3051 ΑΒΓ
678 2984 775 3069 βάσις
801 2983 886 3071 πρὸς
913 2982 976 3072 τήν
1002 2977 1084 3052 ΔΕ
1095 2962 1135 3029 Ζ

87 3091 202 3176 βάσιν,
232 3088 338 3167 οὕτως
365 3085 385 3175 ή
409 3094 555 3156 ΑΒΓΗ
576 3089 722 3176 πυραμὶς
751 3088 826 3175 ήτοι
852 3089 938 3178 πρὸς
961 3065 1144 3160 ἔλασσόν

160 3327 183 3372 1.
204 3317 340 3373 ἐπίπεδον
359 3313 486 3390 άγομένη
505 3317 538 3372 V.
630 3325 655 3374 3.
676 3315 812 3374 ἐπίπεδον
832 3315 960 3392 άγομένη
978 3320 1013 3378 V.

88 3395 112 3444 5.
132 3384 189 3459 άρα
209 3388 266 3444 εἰσί
281 3390 315 3446 V.
397 3388 440 3460 αλ]
461 3407 515 3445 om.
535 3389 589 3458 Pq.
674 3395 697 3446 ⁷.
717 3387 849 3462 κάθετοι]
870 3393 900 3446 in
917 3409 972 3447 ras.
991 3391 1025 3461 V,
1043 3372 1169 3440 ⁸04

81 3478 137 3516 tas.
159 3461 254 3518 dimid.
275 3461 324 3515 h'n.
345 3463 413 3532 (ἰσαι
428 3503 434 3515 .
450 3504 456 3517 .
472 3505 477 3516 .
495 3504 501 3517 .
521 3456 578 3514 άπὸ
598 3461 654 3514 τῶν
675 3463 747 3532 σ’γΐν).
822 3459 896 3535 ἔστί]
918 3481 973 3520 om.
992 3463 1022 3520 Ρ.
