2340 3818
339 122 613 174 ELEMENTORUM
631 122 740 172 LIBER
757 121 805 175 XI.
1034 117 1077 182 53

62 266 162 329 etiam
182 269 215 327 Δ
226 269 253 328 Ζ
276 263 573 348 perpendicularem
596 285 666 327 esse
685 263 879 346 adplenum
899 263 1078 328 subiacens.

59 373 173 455 itaque
197 371 239 435 ab
263 370 375 435 eodem
398 373 518 454 puncto
539 374 572 433 A
591 369 632 433 ad
655 370 789 453 planum
808 368 977 433 subiacens
997 370 1078 433 duae

58 481 169 541 rectae
194 475 233 541 ad
258 477 388 540 easdem
410 479 520 559 partes
541 474 824 558 perpendiculares
844 477 969 537 erectae
988 479 1078 558 sunt3

59 584 148 668 quod
170 583 242 648 fieri
260 604 327 648 non
344 587 454 666 potest
474 586 580 666 [prop.
599 580 703 663 ΧΙΠ].
739 583 848 665 itaque
868 602 887 643 a
906 584 939 642 Δ
956 583 1078 664 puncto

60 691 152 754 nulla
180 693 270 754 recta
298 688 339 754 ad
366 689 499 773 planum
528 688 697 771 subiacens
720 687 997 771 perpendicularis
1021 686 1079 750 eri·

64 799 160 879 getur
186 798 315 878 praeter
339 798 406 859 AB
413 846 421 874 ,
448 816 529 878 quae
557 794 737 859 communis
765 798 816 858 est
845 793 945 858 sectio
968 793 1079 876 plano·
1123 826 1126 831 ·

60 923 138 964 rum
161 903 239 986 ΑΒ,
261 902 332 965 ΒΓ.

128 1005 220 1092 Ergo
252 1008 280 1071 si
308 1007 371 1071 duo
398 1007 500 1090 plana
527 1007 612 1070 inter
641 1027 676 1069 se
705 1006 849 1070 secontia
879 1006 918 1070 ad
946 1007 1079 1089 planum

62 1112 196 1197 aliquod
219 1112 501 1198 perpendicularia
525 1116 614 1196 sunt,
642 1113 741 1176 etiam
764 1113 944 1177 communis
969 1134 1079 1177 eorum

63 1219 163 1284 sectio
184 1219 224 1284 ad
243 1217 330 1283 idem
353 1220 487 1304 planum
510 1218 785 1302 perpendicularis
805 1219 882 1303 erit3
906 1220 1080 1303 quoderat

62 1325 358 1390 demonstrandum.

536 1446 608 1511 XX.

130 1552 167 1619 Si
187 1555 325 1639 angulus
345 1554 467 1621 solidus
485 1555 591 1619 tribus
612 1554 741 1640 angulis
760 1554 866 1637 planis
886 1556 1079 1638 continetur,

62 1659 125 1725 duo
150 1661 289 1744 quilibet
311 1661 436 1746 reliquo
461 1661 600 1726 maiores
625 1664 720 1725 erunt
738 1683 867 1745 quoquo
887 1661 983 1726 modo
1003 1682 1077 1724 con·

61 1767 175 1831 iuncti.

128 1872 215 1936 Nam
241 1873 380 1958 angulus
400 1874 537 1958 solidus,
559 1874 614 1958 qui
633 1874 673 1938 ad
692 1877 725 1936 A
742 1875 868 1956 positus
888 1877 951 1956 est,
973 1872 1079 1936 tribus

454 2036 483 2092 Δ
641 1978 781 2063 angulis
822 1979 928 2063 planis
970 1980 1077 2060 ΒΑΓ,

654 2086 770 2166 ΓΑΔ,
785 2089 892 2148 ΔΑΒ
913 2085 1078 2149 continea-

652 2195 715 2255 tur.
765 2190 852 2274 dico,
880 2191 960 2255 duos
984 2213 1079 2275 quos·

529 2286 567 2411 Χ
652 2297 734 2361 libet
758 2297 952 2381 angulorum
972 2298 1080 2378 ΒΑΓ,

69 2495 100 2549 B
212 2496 276 2530 4
466 2437 473 2450 x
653 2405 770 2486 ΓΑΔ,
813 2407 916 2467 ΔΑΒ
953 2403 1079 2485 reliquo

500 2536 528 2588 Ε
585 2537 614 2591 p
656 2510 794 2574 maiores
840 2530 910 2574 esse
950 2529 1079 2593 quoquo

626 2659 629 2663 -
652 2615 751 2679 modo
775 2616 973 2680 coniunctos.

129 2716 194 2780 iam
214 2716 242 2780 si
262 2718 375 2801 anguli
394 2720 506 2800 ΒΑΓ,
526 2721 646 2803 ΓΑΔ,
661 2724 765 2785 ΔΑΒ
779 2720 865 2785 inter
879 2742 913 2785 se
929 2721 1094 2805 aequales·

64 2825 151 2905 sunt,
176 2820 319 2906 adparet,
342 2822 423 2888 duos
446 2824 609 2908 quoslibet
631 2827 756 2911 reliquo
780 2828 920 2891 maiores
939 2848 1019 2892 esse.
1051 2827 1080 2891 si

58 2928 178 3011 minus,
192 2927 327 3013 mci0r1)
343 2931 387 2994 sit
400 2936 421 3004 L
436 2933 502 2995 BA
509 2933 544 3014 Γ,
559 2934 592 2995 et
607 2931 648 2996 ad
662 2936 783 2997 rectam
797 2937 862 2996 AB
877 2936 910 2997 et
924 2937 1079 3017 punctum

57 3034 129 3098 eius
162 3040 195 3097 A
227 3034 262 3097 in
292 3034 389 3114 plano
421 3039 583 3100 rectarum
605 3040 686 3120 ΒΑ,
718 3041 788 3102 ΑΓ
825 3040 946 3121 angulo
977 3043 1081 3103 ΔΑΒ

134 3190 161 3258 1)
186 3188 229 3272 So.
255 3190 358 3258 angulo
383 3194 471 3245 ΔΑΒ.
517 3208 608 3260 neque
636 3193 710 3248 enim
734 3210 847 3248 necesse
871 3196 927 3263 est,
956 3194 1081 3248 omnium

53 3276 125 3326 eum
145 3275 299 3313 maximum
318 3276 386 3314 esse.

54 3385 125 3439 V.·
187 3383 274 3456 εἰσίν]
293 3401 349 3440 om.
368 3385 400 3441 V.
492 3392 534 3441 22.
555 3387 608 3442 εἰσι
630 3389 661 3454 V,
690 3389 837 3462 compl.
929 3394 981 3442 ue.
1003 3384 1109 3450 Am

53 3458 151 3512 ΔΑΓ
167 3454 201 3508 Ρ.
282 3450 327 3527 ἐν]
345 3473 396 3512 orn.
416 3456 447 3526 B,
468 3475 555 3530 supra
574 3478 629 3518 scr.
648 3461 684 3519 V.
