2340 3818
352 134 626 187 anannnroauru
644 135 753 185 arnan
770 137 816 188 xr.
1046 132 1089 195 41

546 276 617 343 XV.

142 381 177 448 si
211 383 293 449 duae
325 388 431 450 rectae
461 385 546 449 inter
579 406 613 448 se
641 387 814 468 tangentes
844 385 968 450 duabus
996 386 1093 451 rectis

71 489 162 553 inter
194 511 229 553 se
261 490 472 574 tangentibus
505 489 680 574 parallelae
713 494 789 554 sunt
820 512 886 555 ncn
919 491 952 554 in
982 491 1094 555 eodem

71 596 174 679 plano
189 597 338 681 positae,
362 599 461 680 plana
485 618 597 661 earum
620 597 705 661 inter
728 618 763 661 se
785 596 942 682 parallela
966 600 1051 662 sunt.

144 701 232 766 Nam
252 702 333 766 duae
347 705 455 767 rectae
469 703 554 766 inter
569 724 602 766 se
616 704 788 786 tangentes
798 705 879 784 ΑΒ,
895 704 961 766 ΒΓ
971 701 1095 766 duabus

74 808 174 872 rectis
203 809 290 873 inter
319 830 353 873 se
381 808 591 892 tangentibus
620 812 703 891 ΔΒ,
731 813 794 873 ΒΖ
821 808 998 891 parallelae
1029 808 1096 872 sint

77 935 147 978 non
177 915 211 979 in
237 915 350 979 eodem
380 914 480 998 plano
507 915 642 998 positae.
692 914 779 997 dico,
808 916 906 998 plana
933 917 1095 989 rectarum

74 1023 144 1090 AB
149 1067 159 1102 ,
178 1023 244 1086 ΒΓ
258 1024 292 1084 et
307 1025 391 1103 AB,
410 1025 473 1084 BZ
486 1020 644 1104 producta
662 1021 749 1084 inter
768 1041 802 1084 se
816 1042 883 1086 ncn
897 1040 1095 1086 concurrere.

147 1124 281 1191 ducatur
314 1127 399 1191 enim
431 1148 451 1190 a
483 1130 511 1189 Β
544 1129 665 1210 puncto
698 1125 738 1189 ad
770 1126 904 1209 planum
932 1130 1095 1190 rectarum

74 1237 163 1314 AB,
182 1237 245 1297 ΒΖ
263 1232 540 1317 perpendicularis
559 1235 633 1295 BH
649 1234 754 1315 [prop.
772 1231 833 1312 XI]
854 1237 887 1297 et
906 1253 977 1297 eum
996 1233 1095 1315 plano

74 1340 111 1404 in
132 1343 171 1403 H
191 1343 311 1422 puncto
336 1341 516 1421 concurrat,
539 1341 573 1401 et
595 1359 652 1421 per
672 1341 711 1401 H
724 1342 831 1403 rectae
850 1342 919 1401 ΒΔ
937 1338 1096 1420 parallela

508 1444 643 1508 ducatur
666 1447 748 1525 ΗΘ,
772 1446 879 1508 rectae
904 1447 1013 1508 autem
1032 1446 1094 1506 ΒΖ

506 1549 667 1632 parallela
684 1553 765 1613 HK.
803 1553 836 1613 et
854 1549 1007 1632 quoniam
1027 1551 1099 1612 ΒΗ

507 1655 546 1719 ad
575 1657 707 1739 planum
735 1660 896 1719 rectarum
926 1657 1095 1737 aasz

505 1761 781 1845 perpendicularis
818 1767 881 1843 est,
918 1761 1018 1824 etiam
1055 1759 1096 1823 ad

506 1888 618 1931 ornnes
642 1871 748 1932 rectas
775 1889 846 1931 eam
868 1866 1039 1947 tangentes
1063 1869 1096 1927 et

506 1973 540 2036 in
563 1973 661 2056 plano
684 1976 846 2036 rectarum
862 1975 895 2034 A
900 1975 932 2034 Ε
937 2018 947 2052 ,
962 1973 1025 2033 ΒΖ
1038 1991 1096 2052 po·

507 2078 587 2142 sitas
605 2082 710 2142 rectos
730 2078 868 2160 angulos
885 2076 1003 2141 efficiet
1020 2076 1096 2158 [def.

506 2185 551 2265 3].
574 2205 686 2248 uerum
696 2187 832 2266 utraque
842 2186 924 2265 ΗΘ,
939 2185 1015 2246 HK
1024 2203 1095 2246 eam

506 2291 616 2374 tangit
644 2290 679 2353 in
704 2290 801 2373 plano
824 2295 987 2355 rectarum
1012 2293 1095 2371 AB,

405 2454 408 2460 .
507 2399 569 2459 EZ
582 2395 701 2479 posita.
724 2395 832 2480 itaque
847 2398 982 2479 uterque
994 2414 1094 2478 angu-

77 2500 130 2562 lus
146 2503 268 2581 ΒΗΘ,
288 2502 396 2563 ΒΗΚ
406 2504 514 2566 rectus
529 2505 588 2565 est.
611 2505 644 2564 et
658 2501 810 2585 quoniam
825 2504 892 2579 BA
905 2504 1013 2565 rectae
1027 2503 1096 2563 ΗΘ

78 2605 239 2689 parallela
258 2610 308 2670 est
328 2608 433 2691 [prop.
447 2606 518 2690 IXJ,
538 2607 651 2693 anguli
669 2611 777 2671 ΗΒΑ
793 2609 832 2687 -Ι-
849 2609 952 2670 ΒΗΘ
971 2605 1096 2670 duobus

78 2713 178 2776 rectis
207 2712 356 2796 aequales
385 2717 461 2778 sunt
490 2713 532 2796 [1,
560 2713 627 2793 29].
679 2733 792 2776 uerum
820 2715 958 2787 Lana
989 2714 1096 2776 rectus

79 2821 144 2901 est3
166 2819 276 2901 itaque
301 2818 399 2882 etiam
422 2821 566 2894 [ΗΒΑ
589 2822 705 2882 rectus.
751 2821 819 2881 ΗΒ
842 2818 943 2902 igitur
967 2817 1008 2880 ad
1031 2821 1097 2880 BA

78 2923 355 3007 perpendicularis
383 2929 441 2990 est
491 2912 603 2989 eadem
635 2924 674 2989 de
703 2945 801 2988 causa
828 2927 896 2987 ΗΒ
925 2925 1026 2987 etiam
1056 2923 1097 2986 ad

79 3032 148 3094 ΒΓ
170 3029 447 3113 perpendicularis
478 3033 535 3094 est.
579 3032 646 3094 iam
676 3029 829 3114 quoniam
853 3035 941 3094 recta
963 3032 1032 3092 ΗΒ
1057 3029 1098 3093 ad

80 3136 162 3200 duas
185 3139 292 3200 rectas
315 3137 400 3200 inter
423 3157 457 3200 se
477 3139 621 3201 secantes
640 3140 721 3217 BA,
740 3137 808 3200 ΒΓ
821 3134 1097 3220 perpendicularis

78 3317 123 3366 22.
145 3310 240 3380 ΗΒΑ]
261 3314 291 3363 Η
307 3310 358 3364 ins.
375 3310 407 3365 V.
481 3316 523 3364 23.
543 3305 574 3381 ἡ]
595 3310 668 3378 (alt.)
688 3326 773 3378 snpra
791 3326 841 3364 scr.
856 3308 890 3364 V.
964 3313 1006 3362 25.
1028 3311 1057 3360 H
1063 3306 1103 3374 Bl

77 3381 183 3436 inras.
201 3380 236 3450 V,
255 3384 314 3434 ΒΗ
329 3379 383 3436 Bb.
492 3381 555 3452 καί]
573 3380 603 3435 in
622 3397 676 3436 ras.
694 3381 731 3438 V.
834 3376 1120 3447 ‘lallltlkffi

77 3451 195 3506 BFVb.
268 3447 411 3523 εὗθείαις]
429 3445 533 3525 ὀρθαῖς
552 3453 590 3526 Β,
609 3471 775 3527 suprascr.
796 3446 940 3510 addetam
955 3462 1000 3498 an.
1014 3447 1051 3492 2·-
