2340 3818
571 826 600 890 1.

367 947 423 1051 A'd
446 948 531 1013 libr.
554 947 603 1012 XI
625 968 729 1033 prop.
752 948 804 1014 22.

517 1072 656 1136 Aliter.

144 1192 218 1258 Sint
245 1195 312 1260 dati
338 1198 405 1261 tres
434 1195 545 1280 anguli
572 1195 662 1280 plani
689 1197 800 1278 ΑΒΓ,
831 1198 947 1278 ΔΕΖ,
973 1197 1093 1279 ΗΘΚ,

74 1322 216 1386 quorum
240 1301 303 1367 duo
327 1302 453 1387 reliquo
477 1302 616 1367 maiores
640 1301 706 1366 sint
729 1300 875 1385 quolibet
898 1300 994 1366 modo
1018 1322 1092 1368 eon·

72 1407 195 1492 iuneti,
228 1412 261 1474 et
293 1429 348 1474 ees
380 1408 656 1493 comprehendant
687 1412 795 1473 rectae
828 1407 979 1492 aequales
1011 1411 1091 1491 ΑΒ,
1131 1461 1132 1464 ,

72 1516 149 1597 ΒΓ,
172 1518 256 1600 ΔΕ,
276 1520 352 1601 ΕΖ,
375 1519 456 1599 ΗΘ,
479 1518 561 1598 ΘΚ,
585 1518 618 1579 et
636 1513 793 1579 ducantur
810 1514 884 1598 ΑΓ,
903 1517 988 1595 ΔΖ,
1011 1516 1092 1578 ΗΚ.

73 1620 163 1705 dieo,
190 1621 262 1686 fieri
288 1642 399 1705 posse,
425 1624 463 1685 ut
491 1643 530 1685 ex
556 1620 654 1685 rectis
683 1618 872 1705 aequalibus
895 1619 993 1684 rectis
1016 1621 1092 1702 ΑΓ,

72 1729 160 1805 ΔΖ,
182 1729 258 1791 HK
277 1726 462 1813 triangulus
486 1729 706 1810 construatur,
728 1725 790 1789 hoe
813 1728 864 1789 est
881 1746 994 1790 rursus
1012 1725 1093 1790 duas

72 1831 203 1916 reliqua
225 1833 366 1898 maiores
389 1854 460 1898 esse
484 1833 630 1917 quolibet
652 1830 750 1896 modo
773 1830 971 1896 coniunctas.

143 1939 209 2003 iam
238 1939 267 2004 si
294 1962 407 2006 rursus
435 1939 548 2024 anguli
576 1938 617 2004 ad
644 1942 767 2023 puneta
793 1942 836 2022 Β,
867 1942 910 2021 Ε,
938 1941 967 2002 Θ
993 1937 1092 2022 positl

74 2045 230 2130 aequales
258 2049 348 2129 sunt,
375 2047 474 2111 etiam
501 2048 576 2131 ΑΓ,
602 2049 682 2130 ΔΖ,
708 2048 784 2110 ΗΚ
809 2044 960 2129 aequales
988 2048 1092 2127 erunt,

75 2776 109 2838 et
131 2771 213 2837 duae
236 2772 363 2858 reliqua
381 2772 529 2838 maiores.
571 2774 621 2838 sin
639 2773 758 2857 minus,
781 2775 891 2859 anguli
911 2774 951 2839 ad
970 2779 1093 2859 puncta

74 2882 118 2962 Β,
140 2880 184 2964 Ε,
211 2881 241 2943 Θ
263 2879 362 2963 positi
383 2878 570 2964 inaequales
594 2879 674 2962 sint,
701 2883 735 2944 et
757 2881 895 2965 angulus
919 2881 959 2946 ad
982 2886 1011 2947 Β
1034 2905 1093 2967 po-

75 2985 158 3050 situs
190 2988 328 3070 utreque
358 2986 551 3071 angulorum
580 2984 621 3051 ad
649 2989 691 3070 E,
723 2990 752 3050 Θ
779 2987 960 3070 positorum
986 2989 1093 3053 maior

75 3091 127 3156 sit.
172 3090 285 3176 itaque
309 3091 409 3157 etiam
431 3093 545 3166 ΑΓ>
560 3096 649 3175 ΔΖ,
663 3094 778 3166 ΑΓ>
791 3095 867 3157 HK
889 3091 926 3173 [L
950 3083 1033 3173 24].'
1058 3098 1092 3159 et

166 3253 209 3303 13.
229 3242 334 3320 ἄνισοι]
355 3263 425 3303 corr.
444 3264 479 3302 ex
497 3247 554 3303 ἴσοι
571 3265 608 3305 m.
626 3264 680 3305 ree.
699 3248 729 3304 P.
818 3254 859 3305 14.
878 3249 952 3306 Ante
969 3253 1022 3304 καί
1036 3267 1091 3306 ras.

72 3317 227 3446 gmfistssnF..
304 3324 346 3375 15.
367 3315 430 3374 ἐστί
443 3317 527 3374 Bab.
612 3314 716 3392 ὴΑΓ]
736 3320 766 3375 in
784 3337 839 3376 rae.
858 3320 893 3376 V.
974 3316 1091 3394 εὐθεῖα]
