2340 3818
98 157 165 221 422
489 158 672 209 ΑΡΡΕΝΒΙΧ
690 159 724 211 Π.

167 303 198 366 εί
227 296 290 386 γάρ
319 297 363 385 μὴ
392 303 458 385 ἔχει
485 295 506 384 ἡ
530 304 634 366 ΑΒΓ
656 307 783 385 σφαῖρα
811 297 895 386 πρὸς
921 296 985 383 τὴν
1015 304 1115 364 ΑΕΖ

98 409 317 490 τριπλασίονα
349 405 452 490 λόγον
484 402 567 489 ἥπερ
599 401 620 489 ἡ
649 408 716 470 ΒΓ
738 402 823 491 πρὸς
848 402 910 490 τὴν
939 411 1018 488 ΕΖ,
1051 405 1115 485 ἕξει

99 507 165 595 άρα
187 507 208 596 ἡ
227 515 331 577 ΑΒΓ
346 523 472 598 σφαῖρα
490 508 565 595 ἤτοι
584 507 666 596 πρὸς
686 509 852 578 ἐλάσσονά
869 535 946 578 τινα
966 523 1116 596 σφαῖραν

98 619 157 701 τῆς
181 622 282 682 ΔΕΖ
304 611 325 703 ἢ
349 615 432 704 πρὸς
458 621 592 703 μείζονα
615 621 835 702 τριπλασίονα
858 615 964 703 λόγον
987 613 1071 702 ἥπερ
1094 613 1115 701 ἡ

100 728 167 789 ΒΓ
190 720 274 807 πρὸς
300 721 363 808 τὴν
391 730 462 790 ΒΖ.
514 723 612 809 ἐχέτω
641 721 805 809 πρότερον
833 719 915 809 πρὸς
947 721 1116 789 ἐλάσσονα

30 841 33 847 ’
98 827 160 913 τὴν
183 833 302 913 ΗΘΚ,
330 828 386 895 καὶ
412 826 590 913 νενοήσθω
614 825 634 913 ἡ
659 835 759 895 ΔΕΖ
781 832 821 916 τῇ
845 833 952 895 ΗΘΚ
979 827 1056 915 περὶ
1079 825 1116 894 τὸ

100 931 181 1001 αύτὸ
203 938 354 1020 κέντρον,
377 933 432 1000 καὶ
456 932 519 1000 δύο
543 937 697 1022 σφαιρῶν
719 934 795 1021 περὶ
817 931 854 1001 τὸ
873 930 956 1001 αύτδ
976 933 1117 1020 κέντρον

100 1038 212 1108 ούσῶυ
235 1049 303 1106 τοῖν
323 1047 439 1125 ΔΒΖ,
459 1046 567 1107 ΗΘΚ
584 1043 631 1118 είς
649 1038 711 1126 τὴν
730 1045 864 1126 μείζονα
883 1052 1036 1125 σφαῖραν
1055 1037 1117 1124 τὴν

100 1154 202 1214 ΔΒΖ
225 1143 361 1232 στερεὸν
389 1145 579 1230 πολύεδρον
603 1144 824 1232 ἐγγεγράφθω
852 1143 897 1231 μὴ
921 1147 1038 1224 ψαῦον
1060 1148 1119 1230 τῆς

100 1251 281 1331 ἐλάσσονος
308 1256 453 1339 σφαίρας
478 1254 537 1338 τῆς
564 1256 673 1318 ΗΘΚ
697 1251 779 1318 κατὰ
807 1250 870 1337 τὴν
904 1249 1117 1337 ἐπιφάνειαν,

98 1358 155 1424 καὶ
188 1357 409 1444 ἐγγεγράφθω
442 1360 489 1436 είς
520 1355 583 1442 τὴν
613 1363 717 1425 ΑΒΓ
744 1370 893 1444 σφαῖραν
924 1366 971 1447 τᾳῖ
1006 1358 1045 1424 ἐν
1072 1365 1117 1447 τᾳῖ

99 1471 200 1531 ΔΕΖ
224 1467 344 1556 στερεῷ
368 1463 542 1551 πολυέδρῳ
567 1461 686 1548 ὅμοιόν
699 1488 735 1531 τε
748 1463 804 1530 καὶ
819 1461 945 1550 ὁμοίως
958 1467 1117 1548 κείμενον

101 1567 236 1656 στερεὸν
258 1568 455 1654 πολύεδρον.
496 1565 534 1635 τὸ
558 1566 625 1653 άρα
648 1570 685 1636 ἐν
708 1572 748 1657 τῇ
772 1574 876 1637 ΑΒΓ
894 1573 1026 1659 σφαίρᾳ
1049 1588 1119 1636 σιε-

101 1674 180 1762 ρεόν
203 1673 391 1760 πολύεδρον
415 1671 499 1760 πρὸς
520 1671 558 1740 τὸ
583 1674 620 1741 ἐν
642 1677 682 1761 τῇ
702 1681 803 1741 ΔΒΖ
827 1678 955 1765 σφαίρᾳ
977 1674 1119 1762 στερεὸν

99 1780 288 1866 πολύεδρον
315 1784 535 1867 τριπλασίονα
563 1778 666 1864 λόγον
694 1783 760 1867 ἔχει
788 1779 871 1867 ἥπερ
899 1777 920 1865 ἡ
945 1787 1013 1848 ΒΓ
1036 1780 1119 1869 πρὸς

99 1887 160 1973 τὴν
180 1894 250 1955 ΕΖ.
288 1890 354 1972 ἔχει
378 1885 415 1953 δὲ
436 1885 493 1952 καὶ
516 1882 536 1971 ἡ
556 1890 659 1952 ΑΒΓ
677 1897 804 1971 σφαῖρα
827 1883 910 1972 πρὸς
932 1885 997 1972 τὴν
1011 1894 1120 1955 ΗΘΚ

99 1997 316 2080 τριπλασίονα
344 1990 448 2077 λόγον
476 1989 559 2077 ἥπερ
588 1988 608 2076 ἡ
632 1996 700 2057 ΒΓ
717 1989 800 2074 πρὸς
822 1990 884 2077 τὴν
908 1999 980 2059 ΕΖ.
1028 1999 1117 2061 ἔστιν

99 2099 165 2186 άρα
198 2096 242 2178 ὡς
274 2096 295 2184 ἡ
324 2103 428 2166 ΑΒΓ
455 2111 582 2183 σφαῖρα
613 2096 697 2183 πρὸς
728 2096 791 2184 τὴν
818 2104 927 2165 HM
954 2111 1116 2185 σφαῖραν,

101 2203 206 2284 οὕτως
237 2203 274 2272 τὸ
304 2207 341 2273 ἐν
369 2208 408 2293 τῇ
436 2208 541 2271 ΑΒΓ
563 2201 698 2289 στερεὸν
726 2201 925 2290 πολύεδρον.
974 2202 1117 2284 ἐναλλάξ

100 2308 165 2397 άρα
194 2311 283 2378 ἐστὶν
312 2308 357 2389 ὡς
383 2307 404 2395 ἡ
429 2314 532 2377 ΑΒΓ
555 2322 682 2395 σφαῖρα
709 2306 793 2396 πρὸς
819 2306 856 2375 τὸ
887 2310 924 2376 ἐν
949 2307 1035 2396 αὐτῇ
1059 2333 1117 2376 πο-

100 2419 254 2502 λύεδρον,
279 2413 384 2494 οὕτως
406 2415 427 2500 ἡ
452 2421 560 2483 ΗΘΚ
581 2426 708 2502 σφαῖρα
731 2414 814 2502 πρὸς
835 2413 873 2482 τὸ
898 2416 936 2482 ἐν
958 2418 1000 2503 τῇ
1015 2422 1116 2483 ΔΕΖ

103 2529 230 2612 σφαίρᾳ
253 2519 389 2609 στερεὸν
408 2520 605 2609 πολύεδρον.
638 2526 758 2607 μείζων
778 2521 815 2589 δέ
833 2517 855 2607 ἡ
870 2525 975 2588 ΑΒΓ
988 2535 1116 2608 σφαῖρα

98 2635 159 2697 τοῦ
193 2632 230 2697 ἐν
263 2625 346 2714 αὐτῇ
378 2628 575 2713 πολυέδρου.
626 2631 745 2712 μείζων
779 2625 845 2712 άρα
872 2625 927 2692 καὶ
959 2623 982 2712 ἡ
1010 2632 1118 2694 ΗΘΚ

100 2748 226 2822 σφαῖρα
255 2742 316 2800 τοῦ
345 2733 381 2800 ἐν
408 2735 448 2819 τῇ
473 2739 573 2798 ΔΒΖ
597 2737 724 2821 σφαίρᾳ
752 2735 887 2818 στερεοῦ
916 2732 1117 2819 πολυέδρου.

100 2839 183 2908 άλλά
207 2840 263 2907 καί
287 2837 452 2906 ἐλάσσων·
475 2838 698 2924 ἐμπεριέχεται
720 2837 799 2922 γάρ·
828 2835 908 2922 ὅπερ
932 2834 1115 2905 άδύνατον.

76 2944 162 3014 οὐκ
186 2945 251 3031 άρα
274 2942 294 3031 ἡ
319 2950 383 3011 ΒΓ
403 2957 530 3030 σφαῖρα
553 2942 637 3031 πρὸς
660 2941 803 3010 ἐλασσόυ
830 2947 988 3028 πινυτῆς
1012 2949 1115 3011 ΔΕΖ

100 3056 317 3139 τριπλασίονα
349 3049 453 3135 λόγον
483 3055 549 3135 ἔχει
580 3048 663 3136 ἥπερ
696 3046 717 3135 ἡ
746 3055 811 3117 ΒΓ
838 3046 922 3134 πρὸς
952 3047 1017 3134 τὴν
1045 3056 1115 3116 EZ.

101 3156 223 3244 ὁμοίως
251 3158 293 3244 δὴ
323 3158 489 3242 δείξομεν,
519 3153 570 3222 ὅτι
599 3153 679 3222 ούδέ
706 3151 727 3241 ἡ
752 3162 853 3224 ΔΕΖ
881 3167 1010 3242 σφαῖρα
1033 3152 1116 3241 πρὸς

102 3262 266 3331 ἐλάσσονά
290 3289 365 3329 τινα
388 3265 446 3347 τῆς
468 3267 572 3328 ΑΒΓ
595 3265 740 3348 σφαίρας
767 3265 987 3348 τριπλασίονα
1009 3259 1115 3344 λόγον

94 3373 162 3456 ἐγει
186 3367 270 3457 ἤπερ
294 3365 315 3457 ἡ
339 3375 401 3436 ΒΖ
424 3365 506 3456 πρὸς
528 3365 589 3453 τὴν
612 3373 683 3434 ΒΓ.

152 3481 244 3570 λε’γω
275 3477 337 3572 δή,
375 3475 427 3550 ὅτι
464 3473 547 3547 ούδὶ
574 3471 597 3562 ἡ
627 3478 723 3567 AB?
749 3483 874 3556 ὓψῖδῖῖ
894 3467 979 3555 Θεὸς
1003 3470 1114 3555 δεῖξόν
