2340 3818
106 136 172 204 202
479 139 682 192 Συουεουεα
700 137 750 209 ιμ’.

104 280 203 372 κῶνῳ
227 285 407 371 πυραμίδα.
452 285 572 367 μείζων
591 279 629 348 δὲ
648 277 666 348 6
686 287 755 348 ΑΛ
772 284 881 360 κῶνος
898 283 958 366 τῆς
975 280 1013 348 ἐν
1033 276 1124 369 αύτῷ

105 391 305 476 πυραμίδος·
333 391 444 473 μεῖζον
472 385 538 473 ἄρα
564 385 620 453 καὶ
647 385 686 454 τὸ
709 389 740 464 Ξ
764 384 903 474 στερεὸν
929 389 990 471 τῆς
1018 385 1056 453 ἐν
1079 387 1123 476 τῶ

71 557 76 567 ,
106 501 180 561 ΕΝ
193 493 291 586 κῶνμ
310 495 506 580 πυραμίδος.
538 490 624 560 ἀλλὰ
643 492 699 560 καὶ
714 497 870 561 ἔλασσον·
889 491 972 578 ὅπερ
986 490 1124 560 ἄτοπον.

106 596 169 668 ούκ
191 597 258 688 ἄρα
281 599 374 668 ἐστὶν
396 598 442 679 ὡς
464 595 633 667 δΑΒΓΔ
655 598 777 679 κύκλος
799 596 884 687 πρὸς
905 597 967 666 τὸν
987 604 1123 666 ΕΖΗΘ

70 724 87 772 5
104 704 241 791 κύκλον,
265 702 372 783 οὕτως
395 701 413 771 6
432 710 502 771 ΑΛ
523 709 633 785 κῶνος
655 704 739 792 πρὸς
761 703 905 773 ἔλασσόν
923 707 1038 772 κινού
1058 709 1128 770 ΕΝ

104 813 219 881 κῶνον
247 809 392 899 στερεόν.
442 808 567 895 ὁμοίως
589 809 631 897 δὴ
656 812 818 897 δείξομεν,
847 811 899 880 ὅτι
927 811 1011 879 ούδέ
1034 810 1123 878 ἐστιν

106 919 151 998 ῶς
174 915 187 985 ἱ
211 922 348 984 ΕΖΗΘ
370 914 492 995 κύκλος
513 914 598 1002 πρὸς
620 915 680 984 τὸν
699 922 834 984 ΑΒΓΔ
854 916 991 1002 κύκλον,
1017 916 1124 995 οὕτως

107 1021 126 1092 6
146 1030 217 1091 ΕΝ
238 1026 348 1101 κῶνος
365 1019 449 1109 πρὸς
467 1021 612 1090 ἔλασσόν
628 1048 660 1089 τι
677 1027 740 1091 τοῦ
757 1030 826 1091 ΑΑ
844 1021 958 1090 κῶνον
977 1023 1124 1111 στερεόν.

173 1129 270 1214 Λέγω
303 1128 362 1213 δή,
395 1126 446 1195 ὅτι
474 1125 557 1196 ούδέ
587 1130 677 1196 ἐστιν
710 1125 755 1208 ῶς
787 1127 805 1197 6
834 1134 971 1196 ΑΒΓΔ
1001 1130 1125 1208 κύκλος

54 1254 87 1303 10
106 1232 190 1321 πρὸς
215 1231 277 1328 τὸν
301 1240 437 1319 ΕΖΗΘ
463 1235 602 1320 κύκλον,
632 1235 738 1315 ούιως
766 1234 784 1303 6
807 1241 877 1302 ΑΛ
904 1236 1015 1315 κῶνος
1041 1233 1124 1323 πρὸς

106 1338 220 1426 μεῖζόν
240 1364 273 1406 τι
295 1343 357 1406 τοῦ
380 1347 454 1407 ΕΝ
472 1341 585 1408 κῶνον
608 1340 752 1427 στερεόν.

172 1448 217 1512 Εί
234 1445 297 1534 γὰρ
317 1444 478 1531 δυνατόν,
497 1451 581 1515 ἔστω
600 1446 684 1536 πρὸς
702 1453 814 1534 μεῖζον
832 1445 870 1515 τὸ
889 1451 930 1525 Ξ·
954 1445 1122 1516 ἀνάπαλιν

105 1549 172 1641 ι’ίρα
195 1551 286 1619 ἐστὶν
309 1547 355 1631 ῶς
378 1549 396 1618 6
421 1558 557 1619 ΕΖΗΘ
579 1554 701 1633 κύκλος
723 1552 808 1642 πρὸς
829 1553 891 1622 τὸν
901 1547 1046 1621 ἈΒΓΔ
1068 1551 1121 1621 κύ-

105 1667 198 1744 κλον,
223 1654 329 1736 οὕτως
351 1655 389 1725 τὸ
407 1660 438 1734 Ξ
459 1656 595 1746 στερεὸν
617 1655 702 1745 πρὸς
723 1659 785 1728 τὸν
804 1667 872 1728 ΑΑ
890 1663 1012 1728 κῶνον.
1046 1656 1119 1728 ἀλλ’

53 1781 87 1832 15
106 1762 150 1844 ῶς
172 1762 210 1833 πὸ
234 1767 264 1841 Ξ
285 1761 421 1852 στερεὸν
443 1762 529 1850 πρὸς
550 1763 611 1833 τὸν
634 1772 703 1832 ΑΛ
725 1770 852 1852 κῶνον,
880 1766 987 1845 οὕτως
1010 1763 1029 1834 6
1057 1771 1124 1834 ΕΝ

104 1882 214 1951 κῶνος
239 1868 324 1958 πρὸς
346 1868 490 1937 ἔλασσόν
518 1896 549 1938 ιι
572 1875 633 1938 τοῦ
655 1878 724 1939 ΑΛ
750 1871 864 1940 κῶνον
887 1871 1040 1959 στερεόν·
1070 1870 1120 1939 καὶ

106 1974 153 2056 ῶς
180 1975 246 2064 ἄρα
275 1972 293 2043 6
317 1982 453 2043 ΕΖΗΘ
479 1975 602 2056 κύκλος
627 1977 712 2067 πρὸς
738 1977 799 2046 τὸν
822 1984 958 2046 ΑΒΓΔ
985 1978 1119 2064 κύκλον,
1157 1990 1160 2035 i

106 2081 212 2161 οὕτως
234 2079 252 2148 6
276 2088 350 2149 ΕΝ
367 2086 476 2161 κῶνος
503 2082 586 2170 πρὸς
613 2084 756 2154 ἔλασσόν
779 2111 810 2152 τι
833 2087 896 2152 τοῦ
918 2090 987 2151 ΑΛ
1009 2085 1120 2152 κῶνον

106 2186 256 2273 στερεόν·
284 2187 366 2274 ὅπερ
393 2186 564 2257 ἀδύνατον
592 2192 738 2278 ἐδείχθη.
789 2187 850 2259 ούκ
873 2185 939 2279 ἄρα
963 2189 1057 2259 ἐστὶν
1080 2185 1120 2270 ῶς

52 2313 88 2362 20
107 2291 126 2362 6
150 2300 285 2362 ΑΒΓΔ
307 2294 428 2372 κύκλος
449 2294 533 2379 πρὸς
555 2299 616 2363 τὸν
640 2304 778 2365 ΕΖΗΘ
800 2297 940 2382 κύκλον,
973 2293 1084 2375 οὕτως
1103 2291 1118 2362 6

105 2406 175 2468 ΑΛ
202 2403 311 2477 κῶνος
339 2396 424 2485 πρὸς
451 2401 564 2485 μεῖζόν
590 2427 622 2469 τι
649 2407 710 2472 τοῦ
739 2411 813 2472 ΕΝ
834 2402 947 2471 κῶνον
977 2400 1119 2489 στερεόν.

106 2507 242 2592 ἐδείχθη
272 2504 324 2589 δέ,
353 2501 404 2571 ὅτι
428 2501 509 2573 οὐδὲ
535 2506 619 2596 πρὸς
645 2513 801 2578 ἔλασσον·
829 2513 920 2576 ἔστιν
944 2506 1011 2596 ἄρα
1036 2503 1117 2589 ῶςδ

106 2617 239 2679 ΑΒΓΔ
270 2610 391 2690 κύκλος
422 2608 505 2699 πρὸς
536 2611 598 2681 τὸν
626 2621 761 2682 ΕΖΗΘ
791 2614 932 2700 κύκλον,
966 2611 1076 2696 οὕτως
1103 2611 1118 2682 6

106 2724 171 2784 ΑΛ
192 2721 301 2797 κῶνος
322 2717 407 2803 πρὸς
428 2716 489 2786 τὸν
513 2725 587 2787 ΕΝ
604 2723 725 2788 κῶνον.

51 2843 87 2892 25
171 2820 256 2891 Ἀλλ’
288 2821 332 2904 ῶς
360 2821 378 2891 6
405 2828 514 2904 κῶνος
541 2823 625 2913 πρὸς
652 2824 712 2893 τὸν
739 2829 867 2912 κῶνον,
895 2824 913 2893 6
942 2824 1118 2915 κύλινδρος

105 2926 189 3018 πρὸς
219 2928 279 2998 τὸν
310 2933 508 3020 κύλινδρον·
539 2938 744 3020 τριπλασίων
775 2929 840 3021 γὰρ
868 2931 1024 3019 ἑκάτερος
1052 2934 1118 3002 ἑκα-

106 3036 213 3121 τέρου.
255 3037 308 3104 καί
334 3034 378 3117 ῶς
401 3037 467 3126 ἄρα
487 3035 504 3106 6
524 3043 660 3106 ΑΒΓΔ
676 3037 798 3118 κύκλος
816 3035 899 3123 πρὸς
917 3034 977 3105 τὸν
998 3045 1120 3109 ΕΖΗΘ

104 3143 245 3228 κύκλον,
280 3140 385 3223 οὕτως
414 3147 449 3212 οί
474 3144 523 3213 ἐπ’
555 3141 667 3214 αὐτῶν
695 3148 846 3225 ἰσοϋψεῖς
875 3148 958 3227 [τοῖς
985 3147 1120 3232 κῶνοις]

105 3247 290 3332 κύλινδροι.

179 3398 201 3447 1,
223 3385 314 3464 ἕαντῷ
333 3391 363 3446 Ρ.
428 3378 454 3446 4'.
474 3388 562 3464 ἐστίν]
583 3408 637 3447 om.
656 3393 689 3447 V.
754 3398 777 3448 6.
799 3388 868 3447 ούδὲ
887 3388 962 3447 ἐστιν
983 3390 1035 3467 ῶς]
1060 3390 1120 3454 066'

93 3456 256 3529 ‹515022'6'
275 3458 315 3527 ῶς
333 3458 349 3519 ὁ
370 3481 407 3520 ιιι.
422 3469 449 3534 23
472 3457 540 3520 ούδέ
560 3458 596 3527 ῶς
616 3458 690 3519 ἐστιν
709 3482 736 3534 q.
815 3470 857 3518 13.
876 3459 996 3537 κύκλον]
1017 3485 1077 3524 om.
1096 3468 1122 3522 B.
