2340 3818
104 159 168 223 172
474 159 676 212 ΣΤοΙΧιιινν
695 151 745 229 ιμ’.

102 302 216 387 βάσεις
243 302 298 368 καλ
326 299 412 382 ὕψος
440 309 532 388 ίσον,
561 305 652 368 ἔστιν
679 297 746 387 άρα
774 293 820 376 ὡς
845 292 867 382 ἡ
890 299 1001 362 ΑΔΕ
1025 291 1121 379 βάσις

103 406 186 496 πρὸς
203 405 266 493 τὴν
286 415 387 478 ΖΗΘ
404 407 516 494 βάσιν,
537 404 644 486 οὕτως
666 402 687 492 ἡ
707 407 863 472 ΑΔΕΜ
875 399 1023 487 πυραμὶς
1040 397 1121 486 πρὸς

103 514 166 602 τὴν
191 522 334 583 ΖΗΘΝ
353 518 533 601 πυραμίδα.
579 510 652 581 ἀλλ’
679 509 724 592 ὡς
747 508 769 597 ἡ
793 515 896 577 ΑΔΕ
917 504 1017 593 βάσις
1038 504 1120 591 πρὸς

103 618 164 708 τὴν
192 627 363 688 ΑΒΓΔΕ
392 621 509 707 βάσιν,
542 617 649 700 οὕτως
680 610 724 705 ἦν
752 615 773 704 ἡ
801 619 948 684 ΑΔΕΜ
977 610 1121 699 πυραμὶς

69 745 84 794 σ
105 726 189 815 πρὸς
210 725 273 813 τὴν
292 732 511 796 ΑΒΓΔΕΜ
528 729 709 814 πυραμίδα.
737 724 793 792 καὶ
817 718 861 789 δι’
890 730 967 788 ἴσον
991 716 1058 807 άρα
1080 713 1121 797 ὡς

104 830 125 919 ἡ
155 838 325 901 ΑΒΓΔΕ
355 833 452 919 βάσις
485 833 568 919 πρὸς
594 831 656 921 τὴν
685 837 785 899 ΖΗΘ
816 826 934 916 βάσιν,
968 820 1120 909 οὕτωςὴ

105 945 323 1007 ΑΒΓΔΕΜ
336 938 482 1026 πυραμὶς
495 939 578 1027 πρὸς
591 937 655 1025 τὴν
671 943 815 1007 ΖΗΘΝ
824 937 1008 1022 πυραμίδα.
1040 927 1119 998 άλλᾶ

105 1045 174 1133 μὴν
196 1043 252 1112 καὶ
275 1040 320 1123 ὡς
342 1041 362 1130 ἡ
384 1051 485 1113 ΖΗΘ
508 1043 606 1130 βάσις
626 1042 709 1132 πρὸς
731 1044 794 1129 τὴν
815 1045 989 1109 ΖΗΘΚΛ
1011 1036 1117 1123 βάσιν,

107 1148 213 1230 οὕτως
236 1142 353 1236 ἦνκαὶ
372 1146 392 1237 ἡ
414 1157 559 1219 ΖΗΘΝ
572 1149 718 1237 πυραμὶς
736 1147 819 1237 πρὸς
836 1150 899 1235 τὴν
915 1146 1121 1214 ΖΗΘΚΛΝ

55 1274 88 1323 10
106 1261 287 1342 πυραμίδα.
322 1257 378 1324 καὶ
411 1255 455 1325 δι’
492 1267 568 1325 λσου
601 1256 666 1345 άρα
698 1254 744 1337 ὡς
775 1254 796 1344 ἡ
825 1259 1000 1323 ΑΒΓΔΕ
1029 1250 1116 1339 βάσις

106 1361 190 1447 πρὸς
203 1361 266 1448 τὴν
280 1370 457 1431 ΖΗΘΚΛ
470 1363 583 1450 βάσιν,
599 1362 706 1443 οὕτως
719 1360 740 1449 ἡ
751 1369 885 1431 ΑΒΓΔ
893 1368 973 1428 ΕΜ
981 1356 1115 1446 πυραμὶς

62 1512 64 1520 ·
108 1465 192 1555 πρὸς
214 1465 277 1553 τὴν
301 1476 520 1536 ΖΗΘΚΛΝ
538 1474 722 1558 πυραμίδα·
746 1468 828 1557 ὅπερ
848 1470 916 1535 ἔδει
931 1466 1047 1547 δείξαι.

178 1792 266 1856 Πάν
306 1793 455 1876 πρίσμα
490 1793 691 1877 τρίγωνον
732 1792 825 1875 ἔχον
862 1785 983 1871 βάσιν
1025 1787 1114 1851 διαι-

58 1910 91 1959 15
111 1909 239 1981 ρεῖται
263 1898 318 1974 είς
340 1908 448 1980 τρεῖς
471 1897 695 1981 πυραμίδας
722 1902 810 1973 ἴσας
833 1889 1026 1979 ἀλλήλαις
1047 1915 1114 1975 τρι·

110 2000 268 2087 γάνους
290 2000 426 2086 βάσεις
450 1999 626 2086 ἐχούσας.

169 2104 276 2174 Ἔστω
305 2113 446 2193 πρίσμα,
475 2098 517 2174 οὗ
547 2105 644 2192 βάσις
671 2105 732 2192 μὲν
761 2103 799 2172 τὸ
824 2111 930 2173 ΑΒΓ
948 2108 1117 2191 τρίγωνον,

111 2210 314 2279 ἀπεναντίον
346 2211 384 2279 δὲ
415 2211 453 2280 τὸ
488 2219 599 2280 ΔΕΖ·
637 2213 738 2298 λέγω,
771 2209 822 2279 ὅτι
852 2208 891 2278 τὸ
924 2209 1118 2278 ΑΒΓΔΕΖ

112 2323 238 2403 πρίσμα
267 2320 442 2403 διαιρεῖται
471 2322 517 2397 είς
539 2331 628 2402 τρεῖς
654 2320 844 2404 πυραμίδας
867 2323 941 2395 ίσας
969 2311 1119 2401 ἀλλήλαις

59 2438 94 2487 20
112 2421 298 2509 τριγώνους
321 2420 460 2508 ἐχούσας
483 2421 604 2507 βάσεις.

176 2524 449 2614 Ἐπεζεύχθωσαν
471 2526 535 2614 γάρ
559 2532 597 2596 αί
613 2537 693 2615 ΒΔ,
716 2535 789 2615 ΕΓ,
812 2534 883 2597 ΓΔ.
917 2527 988 2595 ἐπεὶ
1006 2532 1121 2615 παραλ·

112 2632 351 2721 ληλόγραμμόν
388 2636 456 2702 ἐστι
488 2633 525 2702 τὸ
560 2643 708 2720 ΑΒΕΔ,
746 2636 920 2721 διάμετρος
953 2632 992 2701 δὲ
1025 2630 1122 2701 αιἰτοῦ

113 2742 204 2808 ἐστιν
235 2737 256 2826 ἡ
284 2748 363 2826 ΒΔ,
396 2748 472 2809 ίσον
504 2739 569 2830 ἄρα
598 2743 666 2809 ἐστὶ
693 2739 731 2809 τὸ
760 2748 861 2808 ΑΒΔ
888 2744 1058 2827 τρίγωνον
1083 2736 1123 2829 τῷ

114 2852 212 2912 ΕΒΔ
233 2845 399 2937 τριγώνῳ·
426 2846 483 2913 καὶ
506 2844 526 2933 ἡ
551 2848 695 2935 πυραμὶς
718 2845 799 2935 ἄρα,
822 2837 862 2932 ἧς
884 2843 983 2931 βάσις
1006 2844 1069 2932 μὲν
1092 2840 1124 2911 τὸ

60 2967 94 3016 25
114 2959 214 3019 ΑΒΔ
240 2956 417 3040 τρίγωνον,
449 2951 582 3041 κορυφὴ
613 2952 651 3020 δὲ
677 2950 716 3020 τὸ
740 2958 773 3019 Γ
797 2963 947 3038 σημεῖον,
976 2957 1033 3036 ἴση
1063 2947 1125 3019 ἐστὶ

113 3061 287 3144 πυραμίδι,
305 3048 345 3144 ἧς
363 3057 460 3142 βάσις
474 3061 535 3144 μίν
550 3060 619 3126 ἐστι
634 3055 671 3125 τὸ
688 3064 788 3125 ΔΕΒ
803 3061 981 3144 τρίγωνον,
996 3053 1126 3143 κορυφὴ

114 3163 152 3232 δὲ
174 3162 212 3231 τὸ
233 3169 265 3230 Γ
283 3176 431 3250 σημεῖον.
464 3160 548 3231 άλλδι
572 3161 593 3249 ἡ
616 3170 776 3252 πυραμίς,
799 3155 840 3248 ἧς
862 3161 959 3248 βάσις
979 3162 1043 3250 μέν
1063 3165 1128 3232 ἐστι

187 3347 209 3397 1.
230 3340 279 3395 καὶ
297 3336 371 3409 ὕψος
391 3339 464 3411 ἴσον]
484 3340 533 3395 καὶ
551 3336 607 3396 ὑπὸ
627 3337 658 3396 τὸ
678 3335 748 3395 αὐτὸ
767 3337 841 3408 λίνος
859 3341 957 3394 Theon
975 3339 1084 3410 (Bvq).

115 3418 138 3466 2.
153 3417 233 3495 ΖΚΛ
249 3413 347 3467 Theon
361 3411 476 3501 (Byq),
488 3413 527 3498 tut
544 3413 593 3467 lin.
614 3419 639 3479 6,
659 3418 683 3468 8.
738 3419 763 3468 3.
784 3414 896 3466 ΖΚΛΝ
913 3411 1128 3498 ἙὴοουῶἿρ),

112 3485 145 3536 ut
159 3485 209 3539 λιιι,
234 3489 254 3553 7,
276 3489 301 3539 9.
393 3487 445 3538 αλλ
477 3503 567 3547 ας-
587 3489 611 3539 6.
630 3482 793 3554 πυραμίδαλ
820 3477 883 3536 ἐπεὶ
902 3476 1047 3537 συνίσειν
1067 3485 1127 3553 (om.
