2340 3818
66 110 132 176 286
440 111 642 165 ΣΤοΙΧΕῐκα
660 107 713 179 ιγ’.

65 255 148 343 μένη
177 251 260 322 αὐτὸ
288 251 411 339 ἄλογός
438 254 544 336 ἐστιν,
576 260 724 321 καλειται
752 251 790 321 δὲ
818 250 975 320 ἐλάττων.
1027 251 1081 319 δύ

65 388 164 431 ναται
187 361 225 430 δὲ
247 358 285 429 τὸ
309 358 377 429 ὑπὸ
398 364 468 429 τών
491 365 599 427 ΘΒΜ
619 355 640 448 ἡ
664 365 730 427 ΑΒ
754 357 811 426 διὰ
834 357 873 426 τὸ
896 359 1082 445 ἐπιζευγνυ

35 476 39 481 ’
64 470 165 556 μένης
188 473 246 555 τῆς
265 476 330 537 ΑΘ
352 465 534 554 ἰσογώνιον
556 470 714 553 γίνεσθαι
735 464 774 534 τὸ
793 472 894 533 ΑΒΘ
915 470 1082 553 τρίγωνον

63 580 108 666 τῷ
138 582 254 643 ΑΒΜ
276 574 428 665 τριγώνῳ
456 575 512 641 καὶ
539 570 627 641 εἶναι
655 569 701 652 ώς
729 571 792 659 τὴν
819 579 881 640 ΘΒ
909 570 996 660 πρὸς
1021 569 1081 658 τὴν

28 690 145 768 οΒΑ,
169 680 274 762 οὕτως
296 679 358 768 τὴν
382 688 447 749 ΑΒ
470 679 553 768 πρὸς
574 678 637 766 τὴν
661 685 741 747 ΒΜ.

124 787 170 856 Ἡ
189 787 255 873 άρα
278 795 342 855 ΑΒ
365 791 427 855 τοῦ
450 787 669 873 πενταγώνου
690 783 818 872 πλευρὰ
844 783 970 872 άλογός
992 785 1080 853 ἐστιν

63 893 84 982 ἡ
108 896 299 982 καλουμένη
324 893 483 962 ἐλάττων·
508 892 590 982 ὅπερ
613 895 682 961 ἔδει
706 893 823 974 δεῖξαι.
855 944 862 957 .

539 1088 598 1175 ιβ’.

126 1211 213 1281 Ἐὂιν
246 1218 302 1295 εἰς
333 1215 481 1283 κύκλον
513 1218 713 1302 τρίγωνον
746 1212 992 1299 ἰσόπλευρον
1020 1215 1102 1298 137·-

9 1340 42 1389 10
61 1325 208 1409 γραφῇ,
241 1318 262 1407 ἡ
295 1326 364 1390 τού
396 1321 593 1410 τριγώνου
625 1317 774 1409 πλευρά
800 1320 971 1406 δυνάμει
999 1345 1078 1408 τρι-

60 1431 236 1495 πλασίων
265 1428 350 1495 ἐστὶ
376 1431 444 1515 τῆς
472 1430 512 1496 ἐκ
533 1431 604 1496 τοῦ
630 1428 801 1513 κέντρου
827 1429 897 1495 τοῦ
920 1424 1077 1495 κύκλου.

108 1531 226 1601 Ἔστω
259 1535 380 1615 κύκλος
413 1532 431 1602 ὁ
465 1541 574 1620 ΑΒΓ,
605 1535 661 1602 καὶ
693 1539 741 1614 εἰς
773 1531 879 1602 αὐτὸν
909 1538 1076 1621 τρίγωνον

60 1638 262 1726 ἰσόπλευρον
280 1641 503 1728 ἐγγεγράφθω
521 1640 559 1710 τὸ
574 1649 640 1710 ΑΒ
647 1647 686 1709 Γ·
710 1643 814 1727 λέγω,
833 1637 885 1708 ὅτι
901 1643 966 1708 τοῦ
978 1645 1080 1709 ΑΒΓ

58 1748 227 1836 τριγώνου
250 1753 309 1834 μία
331 1747 457 1834 πλευρά
482 1747 624 1834 δυνάμει
647 1753 852 1834 τριπλασίων
876 1747 947 1816 ἐστὶ
964 1750 1025 1833 τῆς
1042 1748 1076 1814 ἐκ

8 1871 40 1920 15
60 1858 121 1922 τοῦ
143 1857 285 1944 κέντρου
307 1865 368 1922 τοῦ
388 1860 494 1922 ΑΒΓ
511 1853 646 1923 κύκλου.

126 1961 292 2048 Εἰλήφθω
325 1960 390 2050 γὰρ
419 1959 458 2030 τὸ
490 1964 630 2049 κέντρον
661 1966 723 2030 τοῦ
751 1967 855 2030 ΑΒΓ
882 1959 1012 2029 κύκλου
1039 1961 1075 2028 τὸ

57 2075 105 2153 Λ,
137 2070 193 2136 καὶ
227 2071 456 2157 ἐπιζευχθεῖσα
483 2066 503 2155 ἡ
532 2076 604 2137 ΑΔ
633 2069 765 2156 διήχθω
795 2070 847 2137 ἐπὶ
875 2067 913 2137 τὸ
941 2076 987 2155 Ε,
1020 2067 1075 2136 καὶ

58 2173 243 2260 ἐπεζεύχθω
266 2174 287 2261 ἡ
311 2184 383 2243 ΒΕ.
422 2177 477 2243 καὶ
501 2175 571 2244 ἐπεὶ
595 2174 798 2264 ἰσόπλευρόν
821 2179 890 2245 ἐστι
911 2175 950 2245 τὸ
973 2180 1078 2243 ΑΒΓ

44 2284 237 2366 τρίγωνον,
266 2279 287 2366 ἡ
310 2287 411 2349 ΒΕΓ
434 2281 501 2371 άρα
523 2285 716 2371 περιφέρεια
738 2289 853 2370 τρίτον
881 2284 982 2371 μέρος
1006 2283 1074 2353 ἐστὶ

3 2403 37 2452 20
56 2389 114 2472 τῆς
141 2390 202 2454 τοῦ
225 2393 328 2454 ΑΒΓ
351 2387 477 2456 κύκλου
500 2395 721 2478 περιφερείας.
767 2387 788 2476 ἡ
811 2388 878 2477 άρα
901 2397 963 2458 ΒΕ
984 2414 1074 2480 περι·

56 2493 172 2580 φέρεια
196 2494 292 2561 ἕκτον
315 2494 384 2561 ἐστὶ
408 2499 507 2581 μέρος
529 2500 586 2582 τῆς
609 2500 670 2564 τού
697 2494 824 2565 κύκλου
846 2503 1073 2585 περιφερείας·

56 2598 226 2685 ἑξαγώνου
253 2599 319 2687 άρα
347 2601 437 2668 ἐστὶν
464 2602 485 2687 ἡ
510 2610 576 2669 ΒΕ
601 2601 731 2671 εύθεῖα·
759 2611 814 2690 ἴση
842 2601 908 2693 άρα
935 2605 1007 2672 έστὶ
1032 2607 1073 2693 τῇ

55 2707 91 2772 ἐκ
113 2710 174 2774 τοῦ
196 2709 337 2794 κέντρου
360 2711 399 2796 τῇ
423 2716 499 2776 ΛΕ.
544 2709 599 2776 καὶ
623 2710 693 2777 ἐπεὶ
721 2714 820 2796 διπλῆ
845 2712 936 2779 ἐστιν
959 2708 980 2797 ἡ
1005 2718 1074 2779 ΑΕ

54 2817 112 2899 τῆς
136 2821 218 2899 ΑΕ,
242 2814 483 2902 τετραπλάσιόν
508 2815 637 2883 ἔστιτὸ
662 2814 728 2885 άπὸ
752 2821 811 2903 τῆς
829 2824 898 2885 ΑΕ
920 2821 984 2885 τοῦ
1006 2815 1071 2885 άπὸ

127 3035 150 3081 1.
171 3022 230 3080 ἐστι
247 3027 340 3096 BVq,
364 3045 454 3098 comp.
474 3029 500 3084 b.
592 3034 616 3083 2.
636 3028 682 3100 τά]
702 3045 756 3084 om.
776 3030 808 3098 B,
828 3029 892 3086 add.
910 3047 968 3101 mg.
987 3049 1023 3085 m.
1043 3037 1069 3085 2.

126 3101 274 3165 ΘΒ,ΒΜ
288 3101 344 3168 Vq.
431 3106 456 3154 3.
475 3101 628 3171 γίγνεσθαι
645 3098 679 3156 V.
754 3103 835 3156 ΑΘΒ
854 3120 881 3171 q.
967 3108 994 3156 4.
1013 3122 1071 3170 τρι-

52 3167 147 3240 γώνῳ]
168 3185 221 3222 om.
242 3169 267 3223 b.
341 3171 395 3224 ΒΘ
413 3189 439 3240 q.
518 3176 543 3225 ὅ.
562 3168 625 3242 τήν]
648 3173 745 3242 (μείου)
764 3188 834 3228 corr.
856 3190 890 3229 ex
908 3167 927 3242 ἡ
946 3190 983 3228 m.
1004 3180 1019 3227 1
1038 3172 1069 3228 P.
1169 3203 1170 3208 =

112 3246 136 3296 6.
157 3236 245 3311 ἐστιν]
265 3258 318 3297 om.
338 3242 369 3296 P.
431 3249 455 3297 7.
473 3239 581 3309 πλευρά
602 3239 724 3298 ἐλάττων
744 3243 770 3298 b.
827 3250 869 3299 11.
889 3238 965 3298 ἐστίν
983 3244 1015 3299 Ρ.

54 3319 95 3369 13.
112 3307 283 3381 έγεγράφθω
299 3313 362 3382 (εἰν)
377 3310 544 3381 ἰσόπλευρον
558 3315 585 3381 b,
601 3331 749 3384 suprascr.
765 3317 827 3388 β-
837 3334 864 3369 α.
914 3311 933 3384 ἡ
948 3319 1000 3370 τοῦ
1009 3314 1067 3369 BV.

107 3389 147 3437 15.
163 3384 257 3452 ΑΒΓ]
273 3401 325 3438 om.
341 3383 374 3440 V.
431 3392 473 3440 16.
488 3384 727 3476 ΑΒΓχοωΒΓ.
783 3394 825 3442 20.
840 3381 958 3458 κύκλου]
975 3403 1029 3441 om.
1039 3403 1068 3454 q.

94 3464 137 3513 522.
155 3449 304 3528 έξάγωνος
312 3456 344 3514 Β.
402 3457 567 3530 Ροεέρτὶοχ
578 3455 871 3528 uqmmmffl.
924 3453 1067 3512 ἐστίυΡΒ.
