2340 3818
102 128 167 193 328
476 131 678 186 Σνοωιιωωω
696 127 746 202 ιγ’.

515 325 710 415 Πόρισμα.

166 445 221 516 Ἐκ
240 448 282 536 δὴ
301 448 423 518 τούτου
443 449 605 539 φανερόν,
629 447 680 518 ὅτι
698 454 757 538 τῆς
774 454 835 519 τού
854 450 964 538 κύβου
979 454 1115 536 πλευρᾶς

101 552 206 640 όίκρον
234 556 290 622 καὶ
317 556 420 643 μέσον
449 555 552 642 λόγον
579 556 784 643 τεμνομένης
811 555 988 643 τὸμεῖζον
1011 554 1114 644 τμῆμά

104 662 193 729 ἐστιν
216 658 237 749 ἡ
260 665 321 730 τού
344 662 578 751 δωδεκαέδρου
601 661 739 749 πλευραί.
764 660 844 752 ὅπερ
868 667 939 732 ἔδει
963 665 1078 746 δεῖξαι.

68 901 84 948 5
583 901 643 962 ιη.

172 995 248 1078 Τὰς
269 997 442 1084 πλευρὰς
464 1003 540 1068 τῶν
559 999 674 1067 πέντε
694 999 903 1087 σχημάτων
922 1000 1117 1068 ἐκθέσθαι

102 1103 169 1170 καὶ
193 1116 408 1190 συγκρῖναι
430 1103 528 1191 πρὸς
550 1103 737 1192 ἀλλήλας.

166 1207 346 1278 Ἐκκείσθω
379 1208 400 1297 ἡ
432 1222 490 1298 τῆς
524 1215 682 1298 δοθείσης
714 1217 859 1301 σφαίρας
891 1211 1073 1300 διάμετρος
1099 1209 1119 1298 ἡ

102 1322 183 1402 ΑΒ,
211 1315 267 1384 καὶ
294 1315 469 1404 τετμήσθω
496 1316 580 1386 κατὰ
606 1316 644 1386 τὸ
672 1323 705 1386 Γ
728 1317 812 1386 όίστε
840 1326 918 1406 ίσην
946 1317 1037 1387 εἶναι
1063 1317 1119 1406 τὴν

52 1451 84 1499 10
104 1428 173 1489 ΑΓ
199 1426 238 1510 τῇ
266 1427 343 1509 ΓΒ,
375 1422 458 1491 κατὰ
491 1422 529 1492 δὲ
556 1423 594 1491 τὸ
624 1432 657 1491 Δ
693 1423 778 1493 ὥστε
806 1428 1008 1493 διπλασίονα
1038 1423 1121 1494 εἶναι

102 1527 163 1614 τὴν
191 1536 258 1594 ΑΔ
284 1532 343 1614 τῆς
371 1537 454 1613 ΛΒ,
485 1529 541 1596 καὶ
573 1529 758 1616 γεγράφθω
786 1530 839 1599 ἐπὶ
867 1535 926 1617 τῆς
953 1539 1020 1599 ΑΒ
1050 1529 1119 1619 ἡμι-

102 1632 240 1702 κύκλιον
267 1633 305 1703 τό
333 1639 450 1723 ΑΕΒ,
477 1637 533 1704 καλ
560 1633 625 1704 ἀπὸ
655 1647 722 1704 τῶν
748 1642 789 1722 Γ,
818 1646 851 1704 Δ
877 1641 917 1726 τῇ
946 1645 1013 1704 ΑΒ
1042 1637 1122 1725 πρὸς

103 1738 210 1827 ὀρθὰς
241 1738 403 1828 ἤχθωσαν
435 1745 473 1809 αι’
497 1749 575 1827 ΓΕ,
608 1750 690 1827 ΛΖ,
721 1743 777 1811 καὶ
805 1741 1062 1830 ἐπεζεύχθωσαν
1089 1745 1124 1810 αἱ

104 1855 183 1934 ΑΖ,
207 1855 285 1933 ΖΒ,
308 1855 380 1916 ΕΒ.
416 1849 472 1915 καὶ
496 1849 565 1916 ἐπεὶ
589 1852 688 1935 διπλῆ
713 1852 804 1917 ἐστιν
826 1847 848 1936 ἡ
872 1843 1022 1936 ΑΔτῆς
1039 1859 1121 1937 ΔΒ,

51 1983 83 2032 15
102 1960 221 2043 τριπλῆ
260 1953 324 2042 ἄρα
357 1955 448 2024 ἐστὶν
484 1953 505 2039 ἡ
537 1963 603 2023 ΑΒ
640 1959 699 2042 τῆς
735 1964 808 2024 ΒΔ.
874 1953 1121 2044 ἀναστρέψαντι

102 2059 238 2147 ἡμιολία
261 2060 327 2149 ἄρα
351 2063 440 2131 ἐστὶν
469 2060 489 2149 ἡ
513 2069 574 2130 BA
597 2067 656 2149 τῆς
675 2071 750 2132 ΑΔ.
787 2059 831 2143 ὡς
855 2061 892 2130 δὲ
915 2059 1017 2148 ἡΒΑ
1041 2063 1124 2152 πρὸς

103 2164 164 2253 τὴν
184 2177 264 2253 ΑΛ,
289 2166 396 2248 οὕτως
413 2169 451 2237 τὸ
476 2166 541 2237 ἀπὸ
565 2174 623 2254 τῆς
641 2177 703 2237 ΒΑ
721 2167 806 2255 πρὸς
824 2167 862 2237 τό
883 2167 947 2237 ἀπὸ
967 2174 1029 2254 τῆς
1047 2178 1123 2238 ΑΖ·

105 2272 285 2358 ἰσογώνιον
307 2273 373 2363 γάρ
397 2278 465 2343 ἐστι
488 2274 526 2344 τὸ
551 2259 649 2343 ΑΖΒ
672 2280 838 2362 τρίγωνον
861 2279 906 2368 τῷ
930 2283 1035 2343 ΑΖΔ
1057 2303 1122 2365 τρι-

103 2377 215 2470 γοόνςο·
247 2377 403 2466 ἡμιόλιον
437 2379 502 2468 όίρα
530 2382 599 2449 ἐστὶ
625 2379 664 2449 τὸ
693 2379 759 2449 ἀπὸ
787 2385 846 2467 τῆς
873 2389 935 2448 ΒΑ
964 2388 1028 2451 τοῦ
1058 2381 1122 2451 ἀπὸ

51 2516 84 2564 20
103 2489 163 2570 τῆς
176 2492 249 2552 ΑΖ.
287 2489 355 2553 ἔστι
374 2484 411 2553 δὲ
429 2486 485 2553 καὶ
504 2483 525 2574 ἡ
544 2491 602 2573 τῆς
621 2492 766 2576 σφαίρας
784 2486 961 2574 διιίμετρος
980 2488 1123 2575 δυνάμει

103 2587 239 2678 ἡμιολία
261 2594 321 2677 τῆς
343 2597 488 2681 πλευρᾶς
509 2597 568 2680 τῆς
590 2596 786 2681 πυραμίδος.
821 2597 881 2658 καί
902 2594 993 2661 ἐστιν
1019 2592 1121 2681 ἡΑΒ

104 2693 124 2782 ἡ
157 2700 216 2784 τῆς
248 2685 393 2786 σφαίρας
426 2698 615 2787 διάμετρος·
647 2695 668 2785 ἡ
697 2706 762 2766 ΑΖ
795 2697 861 2785 όίρα
894 2706 949 2785 ἴση
984 2701 1055 2768 ἐστὶ
1085 2705 1123 2790 τῇ

104 2807 231 2894 πλευρᾷ
253 2807 312 2890 τῆς
336 2810 529 2891 πυραμίδος.

171 2906 295 2993 Πόλιν,
310 2911 380 2978 ἐπεὶ
395 2915 581 2979 διπλασίων
597 2911 686 2980 ἐστὶν
703 2908 724 2997 ἡ
739 2919 805 2978 ΑΛ
818 2920 963 2997 τῆςΛΒ,
981 2922 1125 3002 τριπλῆ

53 3056 85 3103 25
106 3013 171 3101 όίρα
196 3016 286 3082 ἐστὶν
310 3013 331 3101 ἡ
349 3024 416 3084 ΑΒ
438 3021 496 3104 τῆς
514 3025 586 3086 ΒΔ.
624 3015 669 3096 ὡς
688 3016 725 3085 δὲ
743 3014 764 3103 ἡ
780 3025 844 3085 ΑΒ
862 3016 945 3104 πρὸς
963 3017 1028 3107 τὴν
1047 3029 1125 3108 ΒΛ,

107 3119 213 3201 οὕτως
235 3119 272 3188 τὸ
296 3120 363 3190 ἀπὸ
385 3127 445 3208 τῆς
464 3130 530 3190 ΑΒ
552 3122 637 3210 πρὸς
659 3121 697 3190 τὸ
721 3120 786 3190 ἀπὸ
811 3127 868 3208 τῆς
891 3130 966 3190 ΒΖ·
990 3129 1127 3214 τριπλά-

134 3386 140 3405 Ι
180 3324 201 3371 1.
222 3312 359 3387 πόρισμα]
380 3333 468 3402 ονοωιφ.
488 3336 544 3387 mg.
565 3335 592 3370 m
613 3324 627 3371 1
648 3317 764 3386 PBVq,
788 3334 842 3371 om.
860 3317 888 3371 b.
979 3325 1007 3375 3.
1027 3340 1128 3410 τετμρ-

105 3408 191 3458 μενης
209 3387 259 3456 bq.
342 3395 366 3441 4.
387 3407 455 3455 οπερ
476 3385 535 3442 ἔδει
554 3389 656 3459 δεῖξαι]
677 3405 731 3443 om.
751 3389 812 3457 Vq,
832 3391 899 3458 0)-
914 3389 941 3442 b.
1023 3397 1050 3446 ὅ.
1071 3394 1128 3466 ιη]

101 3477 154 3516 om.
175 3459 257 3530 Bbq.
333 3463 357 3517 9.
378 3456 450 3515 κατὰ
473 3456 606 3532 μὲνΒἾ.
678 3465 721 3515 10.
738 3459 789 3530 τῄλ
804 3475 873 3513 corr.
893 3477 927 3514 ex
944 3459 996 3530 τῆς
1015 3461 1049 3516 Β.
