2340 3818
113 154 177 219 194
484 155 685 208 Σεοωοαωι
703 153 753 223 ιβ’.

109 303 246 366 ΑΒΓΔ
277 297 504 385 τετράγωνον,
536 295 669 385 κορυφὴ
703 296 741 365 δὲ
772 293 793 383 ἡ
828 294 912 382 αὑτὴ
940 299 986 388 τῷ
1017 293 1124 385 κώνῳ,

109 411 228 493 μείζων
253 405 343 472 ἐστὶν
366 401 387 490 ἢ
410 402 447 472 τδ
471 404 574 491 ἥμισυ
596 414 657 472 τού
670 402 793 472 κώνου.
824 401 1067 489 τετμήσθωσαν
1090 403 1126 468 αί

109 519 190 597 ΑΒ,
218 516 292 596 ΒΓ,
321 515 398 595 ΓΔ,
422 519 493 578 ΔΑ
514 511 722 598 περιφέρειαι
746 513 824 596 δίχα
845 505 929 576 κατὰ
951 507 994 575 τά
1017 515 1061 595 Ε,
1084 515 1123 594 Ζ,

108 627 160 705 Η,
188 627 216 687 Θ
244 630 377 703 σημεῖα,
405 616 460 684 καὶ
489 617 739 704 ἐπεζεύχθωσαν
768 618 807 682 αί
827 622 908 701 ΑΕ,
937 621 1017 698 ΕΒ,
1047 621 1122 700 ΒΖ,

72 740 88 794 5
108 732 180 814 ΖΓ,
203 733 285 810 ΓΗ,
304 733 392 810 ΗΔ,
412 731 494 809 ΔΘ,
512 731 591 791 ΘΑ·
613 724 670 790 καὶ
688 723 828 791 ἕκαστον
842 720 909 809 άρα
923 723 993 788 τών
1007 721 1122 809 ΑΕΒῗ,

107 839 220 919 ΒΖΓ,
257 838 380 917 ΓΗΔ,
413 837 516 898 ΔΘΑ
551 828 727 918 τριγώνων
763 826 875 915 μεῖζόν
908 830 998 896 ἐστιν
1031 823 1054 914 ἢ
1086 826 1121 895 τὸ

107 935 211 1025 ἥμισυ
237 939 338 1026 μέρος
368 941 430 1004 τού
461 934 541 1004 καθ’
577 935 675 1004 ἑαυτὸ
705 934 873 1023 τμήματος
899 938 961 1002 τού
988 940 1122 1002 ΑΒΓΔ

106 1044 241 1113 κύκλου.
294 1043 350 1110 καὶ
382 1039 618 1111 ἀνεστάτωσαν
651 1039 705 1128 ἐφ’
740 1039 882 1110 ἑκάστου
908 1045 977 1108 τών
1004 1049 1121 1128 ΑΕΒ,

106 1155 218 1234 ΒΖΓ,
245 1154 367 1233 ΓΗΔ,
398 1156 502 1216 ΔΘΑ
525 1147 699 1236 τριγώνων
721 1152 906 1236 πυραμίδες
927 1146 990 1234 τὴν
1014 1145 1120 1234 αὐτὴν

54 1274 87 1326 10
105 1254 260 1343 κορυφὴν
297 1252 433 1342 ἔχουσαι
469 1266 515 1348 τῳ
551 1253 664 1346 κώνῳ·
699 1255 757 1351 καὶ
792 1255 912 1340 ἑκάστη
949 1253 1017 1342 άρα
1054 1258 1121 1324 τών

106 1358 362 1430 ἀνασταθεισῶν
399 1366 598 1450 πυραμίδων
633 1361 717 1431 κατὰ
754 1360 815 1429 τὸν
852 1359 1120 1449 αὐτὸντρόπον

101 1474 226 1554 ’μείζων
249 1469 340 1537 ἐστίν
363 1466 384 1556 ἢ
407 1467 445 1537 τὸ
470 1467 573 1556 ἥμισυ
595 1470 695 1556 μέρος
717 1473 779 1537 τοῦ
796 1465 877 1536 καθ’
899 1466 1024 1554 ἑαυτὴν
1043 1468 1120 1555 τμή-

106 1601 208 1661 ματος
234 1586 296 1644 τοῦ
323 1574 445 1644 κώνου.
495 1576 670 1661 τέμνοντες
699 1573 741 1660 δὴ
769 1574 830 1654 τάς
855 1571 1120 1661 ὑπολειπομένας

52 1697 57 1703 ”
105 1687 316 1769 περιφερείας
344 1686 421 1768 δίχα
453 1682 507 1749 καί
535 1680 784 1766 ἐπιζευγνύντες
816 1677 952 1760 εὐθείας
977 1682 1036 1749 καί
1064 1680 1119 1750 άν-

53 1805 86 1856 15
105 1787 256 1868 ιστάντες
288 1787 344 1875 ἐφ’
380 1787 522 1856 ἑκάστου
552 1791 621 1855 τών
653 1785 827 1874 τριγώνων
858 1791 1033 1873 πυραμίδα
1059 1786 1119 1874 τὴν

104 1891 212 1981 αὐτὴν
234 1893 390 1983 κορυφὴν
414 1899 557 1982 ἔχουσαν
580 1897 626 1986 τῷ
648 1894 746 1984 κώνῳ
769 1893 825 1960 καί
848 1895 948 1960 τούτο
970 1889 1026 1960 άεὶ
1049 1918 1115 1963 ποι-

105 2004 221 2079 ούυτες
247 2003 502 2087 καταλείψομέν,
516 2026 593 2067 τινα
616 1996 835 2086 άποτμήματα
856 2003 919 2068 τοῦ
940 1997 1073 2087 κώνου,
1099 1993 1118 2066 ἃ

104 2110 194 2173 ἔσται
218 2107 379 2175 ἐλάττονα
401 2117 459 2195 τῆς
476 2104 657 2194 ὑπεροχῆς,
680 2096 703 2192 ᾖ
720 2102 873 2193 ὑπερέχει
891 2101 910 2173 ὁ
928 2110 1040 2186 κώνος
1058 2109 1119 2175 τού

102 2216 217 2305 τρίτου
249 2213 371 2298 μέρους
401 2214 462 2278 τού
489 2213 681 2297 κυλίνδρου.
730 2214 916 2296 λελείφθω,
948 2212 1006 2279 καί
1035 2215 1118 2282 ἔστω

49 2335 84 2386 ιο
102 2314 143 2383 ιὰ
162 2317 215 2384 ἐπι
232 2321 301 2384 εει
320 2324 399 2400 ΑΕ,
424 2324 502 2401 ΕΒ,
526 2324 603 2400 ΒΖ,
628 2320 703 2400 ΖΓ,
725 2320 807 2402 ΓΗ,
831 2323 916 2402 HA,
936 2325 1020 2404 Λο,
1043 2328 1119 2389 οΑ·

102 2424 200 2509 λοιπὴ
216 2421 282 2510 άρα
296 2422 317 2509 ἡ
332 2427 487 2509 πυραμίς,
501 2413 541 2507 ἧς
554 2423 650 2506 βάσις
664 2424 725 2508 μέν
740 2424 809 2491 ἐστι
817 2422 855 2491 τὸ
867 2431 1118 2494 ΑΕΒΖΓΗΔΘ

102 2630 122 2721 ἢ
151 2640 264 2718 τρίτον
292 2637 391 2722 μέρος
417 2638 478 2702 τοῦ
501 2639 694 2722 κυλίνδρου.
746 2631 819 2703 ἄλλ’
845 2633 866 2722 ἡ
889 2642 1050 2725 πυραμίς,
1078 2630 1116 2725 ἧς

101 2740 197 2826 βάσις
221 2743 284 2828 μέν
306 2743 375 2809 ε’στι
397 2741 435 2809 τὸ
455 2747 730 2809 ΑΕΒΖΓΗΔΘ
752 2741 963 2829 πολύγωνον,
981 2743 1115 2832 κορυφὴ

47 2864 81 2915 25
102 2846 139 2913 δὲ
162 2844 182 2934 ἡ
202 2845 285 2934 αύτὴ
306 2851 350 2939 τῳ
369 2849 482 2938 κώνῳ,
505 2853 618 2935 τρίτον
637 2848 706 2915 ἐστὶ
725 2849 824 2936 μέρος
841 2852 902 2917 τού
919 2853 1114 2936 πρίσματος,

101 2943 142 3019 οὗ
161 2951 259 3037 βάσις
277 2954 338 3038 μέν
358 2955 427 3020 έστι
449 2951 487 3020 τὸ
503 2957 779 3021 ΑΕΒΖΓΗΔΘ
792 2952 1005 3042 πολύγωνον,
1028 2953 1115 3039 ὕψος

101 3058 138 3126 δὲ
166 3057 203 3126 τὸ
232 3056 314 3127 αὐτὸ
342 3063 387 3150 τῳ
411 3061 593 3151 κυλίνδρῳ·
621 3064 658 3127 τὸ
688 3057 754 3147 άρα
781 3065 923 3148 πρίσμα,
952 3053 995 3129 οὑ
1019 3065 1113 3148 βάσις

171 3279 195 3325 2.
214 3268 258 3341 τό]
278 3288 331 3326 οω.
350 3273 381 3326 P.
453 3269 496 3343 οιί]
515 3271 559 3326 bis
578 3271 611 3339 P,
631 3273 680 3326 sed
699 3289 768 3327 corr.
842 3279 866 3327 3.
884 3269 932 3344 τά]
951 3270 984 3328 τά
1004 3294 1032 3344 q.

100 3349 123 3397 5.
146 3343 209 3414 ΘΑ]
230 3359 284 3397 om.
305 3345 334 3398 B.
417 3348 441 3397 8.
462 3338 527 3414 ἐφ’]
548 3337 603 3410 ἀφ’
623 3342 710 3411 BVq.
799 3348 840 3398 10.
861 3341 973 3414 ἔχοντες
991 3345 1027 3401 V.

100 3420 141 3470 12.
160 3417 256 3484 μεῖζον
275 3414 305 3482 Ρ,
326 3431 394 3470 corr.
413 3432 449 3470 m.
468 3430 523 3468 ree.
579 3409 664 3468 ἕαυτό
684 3413 800 3484 PBVq;
821 3431 890 3470 οοττ.
909 3415 1055 3473 ed.13uil.

87 3491 131 3538 17.
154 3482 288 3557 τμήματα
305 3485 369 3543 BV.
446 3491 489 3542 19.
507 3480 642 3555 λελήφθω
661 3503 689 3554 q.
759 3491 803 3541 21.
822 3489 1067 3560 ΑΕΒΖΓΗΔΘ]
1087 3488 1110 3542 θ
