2340 3818
472 156 656 209 APPENDIX
672 157 694 209 1.

383 492 511 578 Uulgo
534 492 583 558 XI
604 514 708 578 prop.
732 493 786 558 38.

145 615 179 682 Si
209 616 344 702 planum
376 617 416 682 ad
445 617 580 702 planum
611 616 878 702 perpendiculare
911 621 975 693 est,
1008 621 1042 682 el
1073 641 1093 683 a

74 727 196 809 punclo
224 724 335 809 aliquo
366 724 501 789 alterius
523 722 615 808 plani
638 723 678 788 ad
701 723 840 789 alierum
863 723 999 806 planum
1021 745 1094 807 per-

74 830 293 915 pendicularis
317 829 454 915 duamur,
476 828 752 914 perpendicularis
775 829 873 894 duela
895 828 928 894 in
953 851 1093 895 commu-

74 959 151 1002 nem
174 937 346 1021 planorum
368 936 548 1001 'sectionem
571 935 674 1001 cadel.

142 1043 229 1109 Nam
256 1043 391 1128 planum
413 1045 476 1107 ΓΔ
504 1041 545 1107 ad
572 1042 708 1125 planum
730 1045 796 1106 AB
824 1041 1092 1126 perpendiculare

75 1151 134 1235 sil,
154 1154 187 1216 el
205 1149 385 1215 communis
404 1170 518 1214 eorum
536 1148 638 1214 seclis
657 1148 702 1213 sil
715 1152 795 1231 ΔΑ,
814 1151 847 1213 el
865 1147 899 1212 in
913 1151 976 1213 ΓΔ
993 1149 1092 1233 plano

104 1278 128 1324 n
524 1258 681 1339 punctum
713 1254 845 1339 aliquod
878 1262 1024 1320 sumatur
1054 1259 1092 1320 Ε.»

524 1361 611 1446 dieo,
648 1359 947 1446 perpendicularem
984 1362 1025 1427 ab
1062 1365 1094 1426 E

83 1477 449 1605 Am
526 1467 567 1533 ad
589 1467 725 1554 planum
739 1471 805 1533 AB
829 1467 959 1533 ductam
977 1467 1013 1533 in
1028 1472 1093 1532 ΔΑ

455 1578 483 1630 Β
524 1574 647 1640 cadere.

141 1703 182 1745 ne
205 1679 301 1745 cadat
324 1681 425 1766 enim,
448 1682 505 1747 sed
528 1682 557 1747 si
579 1680 651 1745 fieri
673 1681 798 1765 pelosi,
822 1681 913 1744 exlra
935 1678 1032 1744 cadal
1054 1683 1094 1745 ul

73 1789 138 1852 ΕΖ
166 1789 198 1850 el
225 1807 298 1851 cum
324 1787 424 1872 plano
447 1791 517 1852 ΑΒ
546 1789 717 1853 concurrat
744 1785 778 1849 in
800 1790 922 1869 puncto
946 1788 987 1869 Z,
1015 1788 1049 1851 el
1072 1807 1094 1852 a

73 1897 102 1956 Z
126 1892 166 1957 ad
190 1897 256 1958 ΔΑ
278 1893 312 1957 in
334 1893 433 1979 plano
453 1897 519 1959 AB
541 1891 819 1978 perpendicularis
843 1891 888 1956 sil
907 1894 986 1977 ZH,
1009 1914 1093 1978 quae

73 1999 187 2064 eadem
209 1998 251 2064 ad
274 1999 407 2083 planum
430 2001 493 2063 ΓΔ
514 1998 788 2084 perpendicularis
812 2001 864 2064 esl
887 1995 949 2079 [XI
966 1997 1027 2062 def.
1045 1998 1092 2083 4],

74 2110 108 2171 el
140 2105 275 2173 ducatur
303 2109 383 2171 EH.
428 2107 494 2171 iarn
522 2106 677 2190 quoniam
705 2107 778 2168 ZH
800 2104 841 2169 ad
867 2106 1002 2188 planum
1029 2106 1092 2168 ΓΔ

72 2211 350 2295 perpendicularis
379 2215 442 2296 est,
472 2215 506 2276 el
528 2233 599 2276 eam
626 2210 736 2296 langii
758 2213 833 2275 ΕΗ
850 2211 885 2275 in
906 2211 1005 2294 plano
1029 2212 1092 2275 ΓΔ

72 2317 191 2402 pesile,
219 2320 358 2392 [ΖΗΕ
377 2322 486 2384 reclus
510 2318 572 2383 erit
596 2315 656 2398 [XI
678 2316 740 2382 def.
763 2317 808 2398 3].
854 2337 968 2382 uerum
992 2317 1091 2383 eliam

73 2427 138 2487 ΕΖ
157 2424 198 2488 ad
216 2424 351 2509 planum
365 2428 431 2489 AB
448 2423 724 2509 perpendicularis
744 2426 804 2488 est.
826 2422 938 2508 itaque
953 2428 974 2498 L
988 2425 1096 2487 ΕΖΗ

72 2533 180 2595 reclus
214 2532 271 2594 esl.
323 2549 401 2614 ergo
433 2529 592 2615 trianguli
617 2531 725 2591 ΕΖΗ
752 2527 816 2593 duo
849 2527 962 2612 anguli
993 2528 1090 2592 rectis

74 2635 226 2720 aequales
250 2638 339 2718 sunl3
369 2635 453 2720 quod
475 2634 548 2699 fieri
570 2655 637 2699 non
658 2637 770 2718 polesl
800 2632 843 2718 [I,
868 2635 934 2715 17].
979 2633 1090 2718 itaque

72 2740 347 2826 perpendicularis
370 2741 411 2806 ab
431 2745 463 2805 E
484 2741 684 2825 adplenum
701 2744 769 2805 ΑΒ
793 2740 891 2807 ducta
914 2741 1005 2806 extra
1022 2744 1089 2804 ΔΑ

72 2870 139 2913 non
171 2848 272 2913 cadet.
327 2867 405 2932 ergo
439 2846 533 2912 eadel
563 2847 598 2910 in
625 2851 706 2931 AA3
739 2846 824 2931 quod
856 2851 928 2911 eral
959 2847 1090 2912 demon-

74 2954 251 3020 strandum.

71 3163 162 3217 comp.
182 3147 212 3203 F.
315 3147 391 3219 EH]
412 3150 443 3201 H
459 3163 529 3202 eras.
551 3146 582 3202 V.
687 3151 729 3201 18.
750 3140 835 3215 ἐστιν]
857 3145 928 3215 (an.)
948 3140 1006 3201 ἐστι
1023 3144 1087 3215 BV,
1103 3201 1104 3204 ,

71 3233 164 3288 comp.
183 3216 213 3273 F.
288 3224 329 3274 19.
350 3213 465 3290 ὀρθαῖς]
481 3215 539 3305 ’δύο
558 3213 662 3287 ὀρθαῖς
679 3215 740 3300 Py,
760 3212 813 3271 δύο
832 3215 897 3271 add.
915 3234 953 3272 m.
972 3221 988 3271 2
1007 3217 1079 3342 ΒΠ

70 3287 608 3430 “danilliers-nnr·
628 3305 663 3343 ⁰¹
681 3307 729 3356 ²⁷²⁶
747 3305 783 3343 m·
803 3293 819 3342 2
838 3286 872 3345 V·
958 3291 1008 3341 Μ
1079 3327 1087 3342 ·

887 3562 950 3617 *dis*
