2340 3818
80 146 147 208 414
473 143 657 195 ΑΡΡΕΝΒΙΧ
674 143 711 194 11.

80 285 142 353 τὸν
166 290 235 351 ΚΛ
259 281 371 364 ἄξονα.
418 291 490 362 ίσος
519 282 558 349 δέ
579 283 670 349 ἐστιν
695 279 714 349 6
737 280 799 368 μὲν
823 286 902 350 ΓΜ
918 281 1100 369 κύλινδρος

81 394 127 482 τῷ
148 396 211 457 ΕΒ
230 392 414 478 κυλίνδρῳ,
439 386 457 456 6
476 387 515 456 δὲ
529 393 610 456 ΛΜ
624 384 714 467 ἄξων
732 390 779 480 τῷ
793 394 862 455 ΗΘ
880 386 981 469 ἄξονί
1002 389 1100 456 ἐστιν.

83 501 174 563 ἔστιν
194 493 268 581 Ιἄρα
296 492 340 575 ῶς
364 493 382 564 6
406 502 469 563 ΕΒ
497 495 677 581 κύλινδρος
703 491 787 582 πρὸς
813 493 874 561 τὸν
898 500 965 560 ΖΔ
987 492 1102 561 κύλιν-

83 606 178 686 δρον,
197 598 304 680 οὕτως
326 598 345 669 6
369 608 437 668 ΗΘ
460 599 551 682 ἄξων
573 598 657 687 πρὸς
679 598 740 668 τὸν
759 606 824 667 ΚΑ
847 598 961 681 ἄξονα.
1002 598 1047 681 ῶς
1066 600 1103 669 δὲ

83 704 101 775 6
127 714 192 774 ΒΕ
219 706 399 795 κύλινδρος
426 705 509 795 πρὸς
534 705 595 775 τὸν
619 714 685 773 ΖΔ
712 705 911 794 κύλινδρον,
946 704 1056 785 οὕτως
1084 707 1103 774 6

82 819 193 880 ΑΒΗ
214 817 324 893 κῶνος
350 812 434 901 πρὸς
460 813 521 881 τὸν
545 818 647 880 ΓΔΚ
666 815 787 881 κῶνον.
837 813 894 880 καί
922 809 967 892 ῶς
991 810 1060 902 ἄρα
1084 809 1103 880 6

83 925 150 985 ΗΘ
182 919 272 999 ἄξων
301 916 384 1006 πρὸς
410 916 471 986 τὸν
499 926 568 986 ΚΛ
596 918 715 1003 ἄξονα,
748 916 854 999 οὕτως
882 919 900 986 6'
929 944 964 987 τε
993 925 1110 986 ΑΒΗ

82 1027 190 1104 κῶνος
221 1023 304 1111 πρὸς
335 1023 396 1092 τὸν
424 1030 528 1093 ΓΔΚ
558 1029 669 1093 κῶνον
700 1023 797 1093 καί
781 1051 800 1092 ο
828 1031 891 1152 ΒΒ
919 1023 1108 1111 κύλινδρος

83 1128 165 1217 πρὸς
187 1128 250 1198 τὸν
274 1137 336 1197 ΖΔ
358 1129 552 1218 κύλινδρον.

31 1357 64 1406 14
153 1346 228 1410 Τῶν
257 1351 341 1410 ίσων
366 1343 487 1412 κῶνων
514 1344 568 1410 καί
597 1347 787 1428 κυλίνδρων
811 1340 1106 1410 ἀντιπεπόνθασιν

71 1449 120 1513 -αί
145 1446 258 1532 βάσεις
284 1461 355 1527 τοῖς
381 1447 496 1535 ύψεσι,
525 1449 582 1516 καὶ
610 1440 660 1517 ῶν
685 1448 806 1518 κῶνων
828 1448 885 1517 καί
907 1452 1106 1536 κυλίνδρων

82 1549 370 1621 ἀντιπεπόνθασιν
403 1558 441 1622 αι’
470 1554 584 1641 βάσεις
612 1569 683 1635 τοῖς
708 1554 846 1639 ύύεσιυ,
880 1557 1006 1624 ἐκείνοι
1033 1562 1105 1623 ἴσοι

82 1660 177 1726 είσίυ.

150 1769 298 1832 ἔστωσαν
321 1775 389 1834 ίσοι
411 1772 515 1837 κῶνοι
538 1767 593 1834 καί
616 1765 807 1855 κύλινδροι,
832 1757 881 1833 ῶν
903 1764 1020 1850 βάσεις
1039 1764 1103 1853 μὲν

83 1873 118 1936 oc
138 1876 271 1939 ΑΒΓΔ
293 1872 425 1959 κύκλοι,
448 1872 565 1954 ἄξονες
589 1873 626 1940 δὲ
649 1875 683 1940 οί
705 1879 783 1958 ΕΖ,
806 1878 883 1939 ΗΘ.
925 1872 1023 1957 λέγω,
1050 1870 1103 1940 ὅτι

81 1980 150 2043 τῶν
164 1985 277 2064 ΑΒΖ,
293 1984 354 2046 ΓΔ
359 1985 388 2045 Θ
400 1978 520 2047 κῶνων
534 1979 589 2046 καὶ
602 1981 794 2066 κυλίνδρων
808 1974 1104 2046 ἀντιπεπόνθασιν

83 2085 119 2148 αί
140 2083 253 2168 βάσεις
275 2098 346 2164 τοῖς
368 2083 477 2170 ὕψεσι,
499 2085 671 2152 τουτέστιν
695 2082 740 2164 ῶς
762 2080 783 2169 6
804 2091 868 2150 AB
892 2083 992 2170 βάσις
1014 2081 1102 2171 πρὸς

82 2186 144 2272 τὴν
162 2194 225 2255 ΓΔ
247 2188 359 2275 βάσιν,
383 2188 489 2270 ούτως
510 2187 548 2258 τὸ
568 2196 636 2257 ΗΘ
658 2188 745 2270 ύυος
761 2187 845 2277 πρὸς
863 2188 901 2257 τὸ
921 2197 985 2257 ΕΖ
1002 2188 1102 2272 ύψος.

149 2292 187 2363 τὸ
214 2294 279 2383 γάρ
304 2302 365 2362 ΒΖ
388 2294 475 2377 ύψος
502 2306 547 2387 τῷ
571 2303 639 2364 ΗΘ
662 2295 739 2376 ύψει
762 2293 837 2382 ἤτοι
861 2303 937 2364 ίσου
962 2296 1056 2365 ἐστὶν
1080 2292 1102 2383 6

83 2399 133 2468 ού.
179 2405 262 2468 ἔστω
289 2401 453 2490 πρότερον
481 2410 566 2470 ίσον.
612 2405 647 2468 oc
674 2402 710 2470 δὲ
737 2397 803 2468 ὑπὸ
832 2399 869 2469 τδ
900 2397 993 2470 αύτδ
1011 2400 1103 2485 ὕψος

83 2505 176 2587 ἄντες
198 2511 303 2575 κῶνοι
325 2507 381 2574 καί
403 2507 579 2594 κύλινδροι
602 2504 685 2595 πρὸς
707 2504 872 2593 ἀλλήλους
891 2507 977 2574 εἰσίν
998 2505 1047 2588 ῶς
1065 2510 1103 2576 αί

82 2613 204 2699 βάσεις.
254 2619 345 2681 ἔστιν
376 2612 442 2701 ἄρα
474 2601 519 2693 ῶς
551 2611 569 2682 6
598 2619 698 2680 ΑΒΖ
729 2616 837 2692 κῶνος
868 2608 889 2697 6
916 2612 1102 2703 κύλινδρος

82 2720 165 2806 πρὸς
196 2720 257 2790 τὸν
286 2726 380 2788 ΓΛΘ
408 2724 521 2788 κῶνον
554 2715 575 2804 6
607 2718 807 2805 κύλινδρον,
841 2716 946 2799 οὕτως
978 2717 998 2806 6
1032 2730 1100 2789 AB

81 2826 178 2912 βάσις
208 2825 292 2914 πρὸς
323 2826 385 2912 τὴν
413 2831 475 2893 ΓΔ
507 2824 616 2910 βάσιν.
667 2833 738 2904 ίσος
766 2824 806 2892 δέ
831 2827 921 2892 ἐστιν
949 2823 967 2893 6
996 2834 1101 2894 ΑΒΖ

81 2937 189 3013 κῶνος
212 2929 233 3019 6
252 2932 431 3020 κύλινδρος
453 2936 497 3023 τῷ
520 2937 621 2998 ΚΔΘ
648 2928 745 3022 κῶνοι
769 2926 790 3017 6
814 2934 992 3022 κυλίνδρῳ.
1042 2939 1100 3018 ίση

82 3037 147 3126 ἄρα
174 3038 230 3105 καί
256 3036 277 3123 6
301 3047 366 3106 ΑΒ
393 3037 491 3124 βάσις
518 3048 557 3127 τῇ
582 3043 644 3105 ΓΔ
671 3036 775 3121 βάσει.
821 3041 889 3103 ἔστι
918 3036 956 3104 δὲ
977 3038 1038 3104 καὶ
1060 3036 1099 3107 τδ

83 3152 144 3211 ΕΖ
177 3145 263 3225 ὕψος
290 3148 335 3236 τῷ
364 3151 432 3211 ΗΘ
458 3142 536 3224 ύψει
566 3151 650 3211 ἴσον.
701 3147 791 3210 ἔστιν
819 3141 884 3227 ἄρα
911 3139 956 3221 ῶς
983 3141 1004 3229 6
1031 3151 1105 3213 ΑΕ

81 3250 179 3335 βάσις
201 3249 285 3338 πρὸς
307 3247 367 3336 τὴν
392 3255 453 3317 ΓΔ
476 3248 592 3335 βάσιν,
621 3247 726 3328 οὕτως
752 3246 789 3315 τὸ
813 3253 881 3315 ΗΘ
903 3246 989 3329 ύύος
1012 3248 1103 3337 πρὸς

81 3355 118 3426 τὸ
142 3364 204 3423 ΕΖ
227 3353 322 3437 ύψος.
368 3353 412 3443 μὴ
436 3361 518 3424 ἔστω
543 3355 584 3444 66
608 3364 684 3424 ἴσον
705 3353 743 3423 τὸ
767 3361 836 3422 ΗΘ
859 3352 944 3435 ύψος
967 3358 1013 3447 τῷ
1034 3362 1100 3423 ΕΖ

71 3464 166 3556 ύςίει,
195 3460 275 3536 ἄλλ’
306 3469 391 3535 ἔστω
422 3468 532 3554 μεῖζον
559 3460 598 3530 τὸ
628 3468 712 3547 ΗΘ,
733 3461 790 3528 καὶ
815 3466 940 3528 κείσθω
968 3459 1005 3527 τὸ
1031 3468 1098 3528 ΕΖ
