2340 3818
108 154 172 221 238
481 157 683 211 mommsen
701 153 764 230 ιμ’Γ

107 304 174 366 ΚΒ
208 298 345 388 ἑκατέρᾳ
376 301 445 367 τῶν
475 306 561 383 ΚΣ,
594 305 671 367 ΒΟ·
703 298 758 367 καὶ
790 298 928 386 ἑκατέρα
960 296 1027 384 ἄρα
1058 302 1128 365 τῶν

107 410 191 488 ΚΣ,
219 411 283 472 ΒΟ
309 408 369 491 τῆς
392 411 460 472 ΣΟ
487 411 607 490 μείζων
635 407 734 474 ἐστίν.
779 405 835 473 καὶ
858 405 928 474 ἐπεὶ
952 406 991 473 έν
1013 402 1127 497 κύκλῳ

107 510 352 600 τετράπλευρόν
377 512 446 579 ἐστι
468 509 505 580 τὸ
530 518 687 598 ΚΒΟΣ,
710 512 766 580 καὶ
784 520 855 579 ἴσαι
877 514 915 579 αἱ
938 518 1022 597 ΚΒ,
1042 518 1120 597 ΒΟ,

107 624 194 703 ΚΣ,
228 616 283 684 καὶ
316 617 461 686 ἐλάττων
494 615 515 705 ἡ
545 624 625 702 ΟΣ,
657 617 712 685 καὶ
743 620 779 686 ἐκ
805 622 867 686 τοῦ
894 619 1038 704 κέντρου
1063 622 1122 685 τοῦ

72 724 233 794 ῠκύκλου
261 724 351 791 ἐστὶν
379 722 400 809 ἡ
423 732 512 811 ΒΨ,
542 722 579 792 τὸ
609 723 674 809 ἄρα
702 722 766 792 ἀπὸ
795 727 854 812 τῆς
876 731 945 792 ΚΒ
970 727 1035 793 τοῦ
1059 720 1124 792 ἀπὸ

106 835 165 917 τῆς
191 838 267 898 ΒΨ
291 829 404 916 μεῖζόν
432 832 522 898 ἐστιν
556 827 577 918 ἢ
609 831 797 899 διπλάσιον.
841 829 940 918 ἤχθω
968 827 1036 898 ἀπὸ
1065 833 1124 897 τοῦ

106 944 141 1004 Κ
168 938 221 1005 ἐπὶ
247 935 309 1023 τὴν
333 941 402 1004 ΒΦ
423 935 566 1017 κάθετος
589 935 611 1022 ἡ
634 944 712 1006 ΚΩ.
759 939 814 1006 καὶ
842 937 912 1006 ἐπεὶ
934 935 955 1024 ἡ
979 942 1045 1003 ΒΔ
1067 941 1127 1023 τῆς

108 1049 179 1112 ΑΩ
201 1041 347 1111 ἐλάττων
370 1044 462 1111 ἐστὶν
486 1040 507 1130 ἢ
532 1047 647 1130 διπλῆ,
671 1049 730 1111 καί
746 1045 835 1112 ἐστιν
855 1041 900 1123 ὡς
917 1039 938 1130 ἡ
958 1050 1024 1111 ΒΔ
1041 1041 1127 1127 πρὸς

106 1148 168 1237 τὴν
192 1156 277 1234 ΔΩ,
307 1147 414 1230 οὕτως
439 1148 477 1217 τὸ
506 1148 572 1220 ὑπὸ
595 1153 664 1218 τῶν
687 1158 770 1235 ΛΒ,
798 1156 866 1217 ΒΩ
889 1147 972 1238 πρὸς
995 1147 1034 1218 τὸ
1058 1147 1122 1218 ὑπὸ

54 1275 87 1325 10
108 1261 203 1340 [τῶν]
229 1260 315 1339 ΔΩ,
338 1262 423 1340 ΩΒ,
446 1255 730 1344 ἀναγραφομένου
752 1251 819 1323 ἀπὸ
842 1260 901 1341 τῆς
923 1262 991 1323 ΒΩ
1013 1282 1126 1341 τετρα·

105 1360 219 1447 γιόνου
246 1363 302 1429 καὶ
329 1363 632 1451 συμπληρουμένου
658 1367 720 1435 τοῦ
749 1363 802 1430 ἐπὶ
824 1365 883 1448 τῆς
904 1367 979 1429 ΩΔ
1001 1369 1125 1449 παραλ-

106 1467 344 1556 ληλοηὶράμμου
368 1469 424 1535 καὶ
445 1467 483 1537 τὸ
507 1466 573 1537 ὑπὸ
594 1474 676 1554 ΑΒ,
694 1474 762 1537 ΒΩ
784 1466 850 1557 ἄρα
872 1472 934 1536 τοῦ
954 1466 1025 1537 ὑπὸ
1041 1473 1125 1554 ΑΩ,

106 1580 172 1641 ΩΒ
200 1573 337 1642 ἔλαττόν
369 1576 460 1642 ἐστιν
492 1571 513 1660 ἢ
545 1577 732 1643 διπλάσιον.
781 1580 846 1643 καί
870 1577 940 1643 ἐστι
965 1587 1025 1662 τῆς
1054 1581 1126 1644 ΚΔ

106 1680 383 1767 ἐπιζευγνυμένης
413 1679 451 1749 τὸ
482 1680 543 1766 μὲν
576 1678 641 1749 ὑπὸ
667 1688 749 1767 ΔΒ,
782 1687 849 1749 ΒΩ
878 1690 954 1751 ἴσον
981 1687 1027 1773 ,τῷ
1058 1681 1124 1751 ἀπὸ

54 1807 86 1857 15
105 1791 165 1873 τῆς
187 1793 270 1873 ΒΚ,
297 1786 335 1854 τὸ
360 1786 398 1854 δὲ
421 1784 486 1856 ὑπὸ
510 1789 579 1856 τῶν
601 1793 687 1873 ΔΩ,
715 1793 781 1855 ΩΒ
805 1795 881 1857 ἴσον
903 1793 950 1881 τῷ
973 1787 1041 1857 ἀπὸ
1064 1793 1124 1875 τῆς

106 1901 189 1961 ΚΩ·
216 1893 255 1961 τὸ
279 1893 345 1982 ἅμα
368 1893 434 1962 ἀπὸ
457 1898 516 1981 τῆς
537 1899 604 1961 ΚΒ
626 1897 689 1962 τοῦ
712 1893 777 1963 ἀπὸ
804 1897 862 1982 τῆς
884 1900 955 1963 ΚΩ
978 1895 1124 1963 ἔλασσόν

106 2003 196 2068 ἐστιν
223 1997 244 2086 ἢ
273 2000 461 2068 διπλάσιον.
513 1998 598 2068 ἀλλὰ
625 1999 663 2068 τὸ
693 1998 758 2069 ἀπὸ
785 2005 845 2088 τῆς
873 2008 939 2070 ΚΒ
965 2005 1027 2070 τοῦ
1057 2001 1122 2069 ἀπὸ

104 2112 163 2193 τῆς
185 2115 261 2175 ΒΨ
281 2106 393 2193 μεῖζόν
412 2109 503 2174 ἐστιν
522 2103 543 2193 ἢ
563 2106 756 2175 διπλάσιον·
781 2115 892 2193 μεῖζον
911 2107 978 2197 ἄρα
996 2106 1034 2175 τὸ
1056 2105 1121 2175 ἀπὸ

104 2217 163 2299 τῆς
186 2219 255 2280 ΚΩ
278 2215 339 2280 τοί
364 2211 428 2281 ἀπὸ
452 2217 511 2301 τῆς
533 2219 615 2282 ΒΨ.
650 2214 707 2281 καὶ
730 2213 801 2281 ἐπεὶ
824 2223 879 2300 ἴση
904 2213 995 2282 ἐστὶν
1017 2211 1040 2301 ἡ
1060 2221 1120 2281 ΒΑ

52 2339 86 2389 20
104 2325 144 2408 τῇ
168 2326 248 2403 ΚΑ,
278 2327 354 2386 ἴσον
381 2319 450 2386 ἐστὶ
477 2318 514 2387 τὸ
542 2318 607 2388 ἀπὸ
632 2323 691 2407 τῆς
713 2327 779 2387 BA
800 2324 847 2412 τῷ
871 2317 936 2388 ἀπὸ
959 2324 1019 2405 τῆς
1042 2324 1118 2387 ΑΚ.

104 2430 163 2493 καί
183 2426 251 2491 ἐστι
278 2428 323 2515 τῷ
352 2423 413 2510 μέν
442 2422 507 2492 ἀπὸ
531 2429 589 2511 τῆς
612 2433 678 2493 ΒΑ
706 2433 762 2493 ἴσοι
784 2425 825 2493 τὰ
849 2422 914 2492 ἀπὸ
937 2429 1007 2493 τῶν
1031 2433 1120 2511 ΒΨ,

111 2539 195 2616 ΨΑ,
219 2534 263 2622 τῷ
288 2530 325 2598 δὲ
349 2527 415 2597 ἀπὸ
439 2533 497 2616 τῆς
515 2536 584 2598 ΚΑ
608 2540 665 2598 ἴσα
687 2530 727 2598 τὰ
751 2528 816 2600 ἀπὸ
836 2536 905 2600 τῶν
926 2538 1012 2617 ΚΩ,
1032 2539 1116 2600 ΩΑ·

104 2635 144 2705 τὰ
174 2635 239 2725 ἄρα
268 2635 333 2704 ἀπὸ
361 2640 430 2705 τῶν
458 2644 545 2722 ΒΨ,
583 2646 655 2706 ΨΑ
683 2647 739 2706 ἴσα
767 2639 836 2706 ἐστὶ
862 2650 932 2717 τοῖς
959 2634 1024 2706 ἀπὸ
1053 2642 1119 2706 τῶν

105 2749 190 2828 ΚΩ,
218 2749 302 2827 ΩΑ,
331 2770 379 2811 ων
406 2741 444 2811 τὸ
472 2739 537 2810 ἀπὸ
565 2748 624 2831 τῆς
648 2749 718 2810 ΚΩ
745 2750 858 2830 μεῖζον
884 2747 946 2812 τοῦ
971 2742 1038 2812 ἀπὸ
1060 2755 1119 2831 τῆς

105 2857 190 2916 ΒΨ·
219 2848 389 2918 λοιπὸυ”
366 2876 433 2938 αμα
459 2876 489 2917 τ(
525 2848 590 2917 ἀπὸ
618 2854 677 2937 της
700 2856 770 2917 ΩΑ
798 2848 942 2918 ἔλασσόν
965 2853 1035 2918 ἐστι
1058 2854 1119 2920 τοῦ

51 2915 85 2964 25
105 2953 170 3024 ἀπὸ
202 2982 261 3041 της
289 2963 367 3023 ΨΑ.
404 2952 577 3042 μείζων”
556 2983 620 3045 αμα
654 2985 675 3043 η
710 2967 736 3026 Α
745 2965 782 3024 Ψ
806 2982 865 3043 της
893 2962 974 3024 ΑΩ
1007 2961 1119 3051 πολλῷ

176 3212 199 3259 1.
220 3204 284 3275 καί]
304 3221 357 3260 om.
378 3222 403 3273 q.
476 3207 573 3260 καί-
589 3207 771 3347 ΚΒΟέΤῐυς.
786 3223 822 3260 m.
837 3205 938 3260 recmP
1012 3209 1118 3292 ME,

105 3276 169 3346 ΒΟ]
190 3293 258 3331 oorr
279 3293 312 3330 ex
331 3280 396 3344 ΚΒ,
415 3275 521 3331 ΣΟΡ.
604 3272 665 3332 ἔστί
822 3282 845 3330 6.
865 3273 1001 3346 ἤχθω-
1022 3282 1104 3332 'Lm

104 3350 158 3400 θεν
160 3347 202 3417 ος]
221 3345 314 3414 bisP,
334 3347 383 3400 sed
402 3364 471 3402 corr.
490 3365 526 3401 m.
551 3354 574 3401 1.
684 3352 707 3402 7.
712 3295 755 3402 qK
772 3364 805 3416 ση
807 3348 939 3418 εμίουΒ.
1046 3348 1117 3418 ΚΩ]

105 3434 259 3487 suprascr
279 3433 307 3486 ς
332 3436 388 3488 mg.
408 3433 479 3476 em.
500 3419 569 3487 1Ρ,
592 3435 661 3474 corr
680 3418 710 3473 in
729 3367 805 3474 ΚΦη
803 3437 839 3472 m.
859 3435 927 3485 που,
954 3421 1013 3472 ΚΦ
1031 3418 1117 3488 BVq,

93 3489 148 3542 sed
163 3490 193 3543 1¹11
218 3487 417 3560 Vsuprasor.
438 3496 562 3546 mm.1
635 3496 661 3546 8
683 3489 849 3561 ΔΩζΒυι
866 3495 893 3556 1
912 3492 966 3544 ΔΦ
985 3489 1079 3559 BVq
1096 3490 1118 3544 P
