2340 3818
469 168 651 221 APPENDIX
669 170 704 224 11.
1026 167 1092 233 419

77 307 116 376 τὸ
140 305 205 375 ἀπὸ
228 308 318 394 τηςῑ)
336 310 452 383 &MX.
484 308 539 375 καὶ
562 306 599 375 τὸ
624 305 691 375 ὑπὸ
715 312 783 376 τῶν
803 314 908 376 ΛΓΦ
930 307 997 397 ἄρα
1016 317 1092 378 ἴσον

79 415 148 482 ἐστὶ
179 425 224 505 τῳ
257 411 323 481 ὑπὸ
356 418 424 482 τῶν
453 416 565 489 ΞΜΧ
591 415 647 481 καὶ
679 414 816 502 ΔΓΦΞ)
848 419 894 508 τῷ
925 412 990 482 ύπὸ
1024 420 1092 484 τῶν

76 523 194 596 &MX.
238 525 297 587 καί
322 521 412 587 ἐστιν
441 527 496 605 ἴση
524 519 545 606 ἡ
570 525 640 587 ΔΓ
662 524 702 607 τῇ
726 521 806 595 ΞΜ.
852 527 906 605 ἴση
935 518 1000 607 ἄρα
1023 520 1093 588 ἐστὶ

77 628 134 693 καὶ
161 623 182 713 ἡ
212 631 278 694 ΓΦ
304 630 343 714 τῇ
372 632 455 693 ΜΧ.
506 629 574 693 ἔστι
601 625 639 693 δὲ
665 626 721 693 καὶ
748 623 809 712 ὅλη
836 623 858 712 ἡ
882 632 942 693 ΓΑ
969 624 1029 715 ὅλη
1052 631 1092 715 τῇ

78 740 161 800 ΑΜ
187 740 253 818 ἴση.
310 730 521 817 παράλληλος
553 728 619 817 ἄρα
656 732 748 799 ἐστὶν
784 728 805 818 ἡ
841 739 912 799 ΦΧ
938 736 978 820 τῇ
1011 739 1092 801 ΜΓ.

77 837 180 907 πάλιν
210 837 280 904 ἐπεὶ
306 835 344 904 τὸ
374 834 439 904 ἀπὸ
472 839 530 921 τῆς
558 840 655 902 ΕΓΘ
681 836 891 923 τετράγωνον
919 845 995 906 ἴσον
1023 839 1093 907 ἐστὶ

76 949 123 1034 τῷ
152 941 217 1011 ιἰπὸ
248 945 306 1029 τῆς
328 949 373 1009 Μ
379 951 408 1008 Y
430 941 643 1032 τετραγώνῳ,
672 940 756 1009 ἀλλὰ
784 946 829 1033 τῷ
857 943 919 1030 μὲν
945 941 1010 1012 ιἰπὸ
1034 949 1093 1032 τῆς

80 1056 141 1118 ΓΟ
164 1058 222 1117 ἴσα
248 1049 317 1117 ἐστὶ
339 1049 380 1115 τὰ
403 1046 468 1116 ἀπὸ
493 1051 561 1115 τῶν
585 1052 669 1131 ΓΦ,
700 1054 779 1114 ΦΟ·
809 1057 864 1135 ἴση
893 1049 957 1137 γὰρ
980 1047 1001 1138 ἡ
1024 1048 1091 1120 ὑπὸ

79 1162 181 1223 ΓΦΟ
208 1159 327 1240 γωνία·
360 1158 404 1246 τῷ
438 1151 470 1221 δ’
500 1150 566 1220 ἀπὸ
594 1156 653 1239 τῆς
676 1160 752 1220 ΜΤ
776 1162 832 1222 ἴσα
860 1157 929 1223 ἐστὶ
955 1156 995 1223 τὰ
1025 1155 1091 1225 ἀπὸ

75 1267 145 1329 τῶν
170 1268 259 1345 ΜΧ,
287 1265 364 1326 XY·
392 1257 480 1346 ὀρθὴ
503 1257 568 1345 γάρ
592 1261 682 1327 ἐστιν
705 1255 726 1345 η
750 1257 815 1327 ὑπὸ
841 1267 950 1328 ΜΧΟ
971 1269 1091 1348 γωνία·

75 1369 132 1435 καὶ
156 1365 197 1433 τὰ
220 1364 284 1433 ιἰιτό
308 1368 376 1433 τῶν
395 1372 475 1451 ΓΦ,
498 1372 564 1432 ΦΟ
586 1364 652 1453 ἄρα
676 1373 732 1432 ἴσα
756 1367 824 1434 ἐστὶ
846 1380 916 1446 τοῖς
938 1364 1004 1436 ἀπὸ
1023 1373 1092 1437 τῶν

75 1478 167 1558 ΜΧ,
191 1480 272 1557 ΧΤ,
296 1462 344 1539 ὦν
367 1469 405 1539 τὸ
429 1468 493 1539 ἀπὸ
517 1481 576 1558 τῆς
595 1477 661 1538 ΓΦ
684 1479 759 1539 ἴσον
783 1473 852 1540 ἐστὶ
874 1483 920 1564 τῳ
944 1471 1009 1542 ἀπὸ
1034 1479 1093 1562 τῆς

77 1587 161 1648 ΜΧ.
201 1575 321 1646 λοιπὸν
344 1575 471 1663 ἄρατὸ
495 1575 561 1645 ἀπὸ
584 1581 643 1664 τῆς
664 1584 730 1644 ΦΟ
752 1582 857 1669 λοιπῷ
880 1589 926 1670 τῳ
950 1577 1015 1648 ἀπὸ
1034 1584 1093 1668 τῆς

76 1693 111 1754 Χ
117 1694 146 1752 Y
166 1687 255 1753 ἐστιν
283 1690 367 1751 ἴσον.
414 1690 469 1769 ἴση
498 1682 564 1769 ἄρα
592 1685 682 1751 ἐστὶν
705 1681 727 1770 ἡ
753 1691 819 1750 ΦΟ
841 1695 880 1773 τῇ
909 1692 976 1752 YX.
1022 1691 1092 1754 ἔστι

76 1791 117 1859 δὲ
139 1789 222 1876 αὕτη
250 1790 307 1857 καὶ
334 1787 553 1874 παράλληλος.
598 1791 714 1858 καλαί
737 1797 817 1875 ΦΧ,
848 1797 913 1858 OY
932 1788 997 1878 ι’ἵρα
1021 1799 1091 1861 ἴσαι

74 1901 115 1966 τέ
135 1901 199 1965 εἴσι
221 1896 277 1964 καῖ
299 1893 514 1982 παράλληλοι.
551 1892 572 1982 ἡ
596 1893 662 1983 ἄρα
683 1902 753 1964 ΦΧ
770 1899 810 1984 τῇ
828 1902 906 1964 ΓΜ
923 1898 992 1966 ἐστι
1010 1921 1092 1987 παρ-

74 2005 228 2089 άλληλος.
277 2002 333 2069 καῖ
365 2001 385 2088 ἡ
411 2006 488 2068 ΓΜ
513 1999 580 2087 ἄρα
611 2011 651 2088 τῇ
678 2009 743 2068 ΟΤ
771 2003 839 2070 ἐστι
871 2002 1090 2090 παράλληλος.

75 2110 132 2178 καὶ
160 2107 214 2196 ἐφ’
247 2108 401 2195 ἑκατέρας
428 2105 540 2176 αὐτῶν
570 2115 720 2193 εἴληπται
742 2106 885 2193 τυχόντα
908 2123 1027 2195 σημεῖα
1049 2110 1090 2178 τὰ

75 2223 127 2300 Ν,
150 2221 206 2301 Μ,
230 2222 273 2301 0,
296 2221 335 2299 Γ,
357 2215 413 2282 καὶ
433 2215 663 2302 ἐπεζευγμέναι
682 2214 768 2281 εἴσλν
787 2215 824 2280 αλ
840 2220 885 2280 Μ
887 2222 928 2300 Τ,
951 2220 1022 2283 ΓΟ.
1055 2219 1094 2283 αλ

73 2321 143 2407 ἄρα
162 2329 245 2407 PM,
269 2326 351 2406 ΜΓ,
375 2326 452 2406 ΓΟ,
478 2327 544 2388 ΟΥ
563 2319 725 2410 ἐντούτῳ
745 2319 814 2386 ἐστὶ
827 2320 884 2386 καὶ
897 2318 934 2387 τὸ
954 2328 1092 2389 ΥΜΓΟ

74 2426 328 2515 τετράπλευρον.
377 2425 415 2495 τὸ
443 2425 510 2513 ἄρα
540 2430 682 2492 ΤΜΓΟ
707 2424 951 2514 τετράπλευρον
979 2429 1016 2494 ἐν
1039 2427 1095 2495 ἕνῖ

75 2536 167 2601 ἐστιν
195 2534 346 2624 ἐπιπέδῳ.
401 2530 458 2599 διὰ
489 2531 529 2598 τὰ
561 2528 647 2598 αὐτὰ
680 2529 722 2616 δὴ
754 2531 816 2598 καὶ,
837 2531 995 2618 ἑκάτερον
1021 2536 1090 2601 τῶν

78 2646 184 2706 ΤΟΠ
189 2646 232 2724 Τ,
251 2646 318 2707 ΡΣ
332 2636 585 2726 τετραπλεύρων
604 2638 640 2704 ἐν
660 2637 715 2703 ἕνί
730 2638 820 2704 ἐστιν
834 2638 987 2729 ἐπιπέδῳ.
1021 2643 1090 2705 ἔστι

74 2745 115 2812 δὲ
137 2745 193 2812 καὶ
215 2747 253 2812 τὸ
278 2751 384 2812 ΣΡΝ
403 2749 569 2830 τρίγωνον
596 2744 633 2810 ἐν
661 2741 712 2809 ἑνὶ
739 2742 890 2809 ἐπιπέδῳ.
935 2741 991 2808 καὶ
1021 2743 1091 2810 ἐπεὶ

73 2859 132 2937 ἴση
161 2851 251 2919 ἐστὶν
283 2847 304 2936 ἡ
332 2856 377 2916 Μ
380 2859 409 2917 Y
437 2859 476 2938 τῇ
504 2855 584 2935 ΓΟ,
616 2848 673 2915 καὶ
704 2845 914 2933 παράλληλός
946 2849 1037 2915 ἐστιν
1067 2846 1089 2935 ἡ

74 2963 152 3025 ΜΓ
170 2959 210 3045 τῇ
238 2963 313 3039 ΤΟ,
337 2957 373 3023 ἐν
395 2954 505 3046 κύκλῳ
529 2952 594 3042 ἄρα
618 2953 686 3021 ἐστὶ
707 2951 749 3020 τὰ
772 2961 826 3040 Μ,
850 2958 889 3038 Γ,
915 2959 956 3037 Υ,
981 2959 1010 3018 0
1033 2973 1089 3040 ση-

73 3076 161 3150 μεῖα.
206 3061 302 3149 ἤχθω
330 3059 396 3128 ἀπὸ
420 3064 481 3127 τοῦ
503 3070 536 3128 Α
562 3065 702 3147 σημείου
730 3057 782 3126 ἐπὶ
805 3055 842 3126 τὸ
865 3061 927 3124 τοῦ
948 3063 1090 3126 ΜΓῬΟ

71 3167 321 3256 τετραπλεύρου
353 3169 511 3235 ἐπίπεδον
542 3166 684 3243 κάθετος
710 3161 731 3249 ἡ
759 3170 840 3231 ΑΨ
861 3163 916 3231 καὶ
944 3169 1090 3251 συμβαλ-

71 3276 157 3342 λέτω
181 3277 225 3364 τῳ
251 3273 393 3362 ἐπιπέδῳ
416 3269 553 3340 κατὰτὸ
578 3278 621 3340 ῑλῖ.
658 3270 696 3339 τὸ
720 3276 759 3337 Ψ
773 3269 838 3359 ἄρα
858 3282 997 3356 σημεῖον
1015 3271 1090 3338 κέν-

148 3435 175 3500 1)
195 3428 252 3486 ἀπὸ
271 3431 323 3500 τῆς
341 3447 410 3487 corr.
429 3431 460 3484 in
477 3424 534 3485 ὑπὸ
555 3431 610 3485 τῶν
628 3449 665 3485 m.
687 3436 710 3485 1.

145 3506 175 3573 λ)
195 3505 219 3556 Φ
237 3519 306 3558 corr.
326 3518 360 3557 ex
377 3506 407 3556 X
421 3519 458 3557 m.
479 3508 504 3557 1.

906 3577 967 3632 ‘W‘
