2340 3818
385 122 662 176 anmmnroaum
679 123 790 174 amaa
808 123 869 175 ΧΠ.
1069 120 1133 185 199

115 269 254 330 ΕΖΗΘ
272 265 415 350 pyramis
439 269 655 349 construatur,
679 287 761 350 quae
776 265 911 330 eandem
926 265 1132 331 altitudinem

113 371 246 455 habeat,
269 393 366 455 quam
385 393 494 437 conus.
535 373 679 456 pyramis
703 372 806 457 igitur
824 374 1011 436 constructa
1029 373 1134 437 maior

115 482 167 542 est
181 478 316 544 dimidio
330 480 413 564 coni,
428 479 580 563 quoniam
596 479 625 543 si
640 480 759 544 circum
773 478 928 543 circulum
940 477 1133 561 quadratum

114 585 465 669 circumscripserimus
495 585 566 669 [IV,
591 586 624 667 7]
655 588 688 649 et
714 584 749 649 in
772 605 810 649 eo
834 584 1033 669 pyramidem
1058 606 1132 650 con·

115 689 333 756 struxerimus
357 691 492 756 eandem
516 691 723 756 altitudinem
746 691 936 773 habentem,
959 713 1056 774 quam
1080 713 1133 757 co-

113 818 186 880 nus,
204 798 347 881 pyramis
367 798 523 882 inscripta
542 797 676 862 dimidia
694 801 743 862 est
757 797 1032 883 circumscriptae3
1056 821 1133 863 nam

114 924 189 966 eam
212 903 299 967 inter
321 926 356 968 se
378 904 539 968 rationem
557 904 689 988 habent,
713 925 810 988 quam
824 904 920 967 bases
940 905 1046 987 [prop.
1055 902 1131 988 V1]3

114 1030 218 1074 conus
247 1013 354 1074 autem
382 1010 549 1094 pyramide
577 1010 818 1101 circumscripta
844 1011 951 1074 minor
978 1013 1036 1074 est.
1082 1031 1131 1074 se

113 1119 230 1180 centur
253 1137 346 1180 arcus
366 1120 545 1201 EZsZH,
567 1121 649 1200 ΗΘ,
673 1121 740 1181 ΘΕ
759 1117 792 1180 in
811 1116 940 1200 punctis
961 1120 1002 1200 Ο,
1025 1120 1073 1200 Π,
1096 1121 1131 1201 Ρ,

114 1226 151 1286 Σ
166 1220 201 1285 in
220 1221 298 1286 duas
317 1227 426 1305 partes
445 1225 605 1308 aequales,
628 1227 661 1287 et
679 1223 839 1287 ducantur
857 1227 933 1304 ΘΟ,
954 1227 1029 1305 ΟΕ,
1048 1227 1131 1306 ΕΠ,

111 2382 153 2442 H
157 2381 197 2462 Z,
230 2381 301 2461 ΖΡ,
333 2382 410 2458 PH,
443 2383 528 2458 ΗΣ,
561 2383 635 2442 ΣΘ.
686 2376 806 2462 singuli
837 2377 940 2464 igitur
971 2376 1130 2462 trianguli

111 2486 228 2567 ΘΟΕ,
264 2489 379 2570 ΕΠΖ,
418 2489 529 2568 ΖΡΗ,
564 2487 671 2549 ΗΣΘ
707 2483 847 2548 maiores
885 2487 960 2547 sunt
995 2483 1129 2549 dimidio

112 2594 358 2676 segmentcmm
382 2590 494 2656 circuli
518 2591 558 2655 ad
582 2611 637 2655 eos
660 2588 896 2673 pertinentium
912 2591 956 2672 [p.
972 2590 1046 2673 142,
1061 2591 1128 2672 22].

112 2697 181 2760 iam
204 2696 239 2760 in
261 2697 402 2782 singulis
421 2696 594 2782 triangulis
613 2699 724 2780 ΘΟΕ,
747 2699 862 2777 ΕΠΖ,
887 2698 1000 2778 ΖΡΗ,
1022 2700 1129 2761 ΗΣΘ

111 2801 261 2886 pyramis
281 2806 489 2868 construatur
503 2802 637 2867 eandem
653 2801 859 2867 altitudinem
877 2800 1011 2885 habens,
1030 2824 1128 2885 quam

111 2929 222 2973 conus.
273 2909 383 2993 itaque
411 2910 510 2974 etiam
538 2908 687 2993 singulae
716 2906 899 2992 pyramides
923 2911 1128 2973 constructae

113 3013 254 3080 maiores
278 3018 355 3079 sunt
377 3015 511 3080 dimidio
535 3017 777 3100 segmentorum
800 3013 874 3078 coni
897 3014 937 3079 ad
956 3036 1011 3079 eas
1030 3015 1128 3099 perti·

114 3120 262 3185 nentium
286 3121 501 3205 [p.194‚10].
542 3142 641 3206 quare
664 3120 694 3185 si
717 3141 810 3185 arcus
832 3119 975 3203 reliquos
994 3121 1029 3185 in
1047 3122 1127 3188 duas

112 3230 224 3308 partes
249 3227 400 3311 aequales
428 3226 622 3292 secuerimus
647 3230 680 3291 et
701 3230 806 3291 rectas
830 3225 1016 3290 duxerimus
1040 3230 1073 3290 et
1095 3227 1129 3292 in

112 3331 254 3417 singulis
281 3333 455 3418 triangulis
482 3333 666 3417 pyramides
694 3314 966 3398 construxerimus
995 3333 1129 3398 eandem

111 3437 323 3505 altitudinem
337 3440 505 3523 habentes,
524 3461 621 3524 quam
640 3460 750 3525 conus,
770 3442 803 3504 et
820 3438 882 3504 hoc
901 3459 1031 3521 semper
1045 3439 1133 3501 lecc-
