2340 3818
101 177 167 241 312
471 176 674 230 Σνοαιιιαα
692 171 743 244 ιγ’.

100 316 138 387 τὸ
162 316 228 403 ἄρα
251 317 305 386 ἐπὶ
326 327 384 403 τῆς
411 323 484 385 ΨΩ
505 315 723 406 γραφόμενον
745 313 945 404 ἡμικύκλιον
972 311 1044 401 ήξει
1063 313 1112 380 καὶ

102 423 158 492 διὰ
181 428 242 493 τού
265 432 308 492 Π.
353 423 408 491 καὶ
437 421 498 491 ἐὰν
524 421 692 510 μενούσης
717 426 777 509 τής
803 428 878 489 ΨΩ
901 419 1113 509 περιενεχθὲν

102 530 140 600 τὸ
165 528 363 618 ἡμικύκλιον
387 534 434 610 είς
456 529 494 597 τὸ
514 526 597 597 αύτδ
615 527 718 597 πάλιν
736 526 1015 616 ἀποκατασταθῇ,
1040 524 1115 594 ὅθεν

104 636 224 725 ήρξατο
248 637 428 726 φέρεσθαι,
451 633 522 722 ήξει
544 634 600 702 καὶ
623 634 680 702 διὰ
699 645 761 703 τοῦ
779 642 815 702 Π
831 632 975 702 καὶτῶν
995 635 1116 700 λοιπαῑν

68 761 82 808 5
103 749 250 830 σημείων
268 746 329 811 τοῦ
349 743 578 828 εἰκοσαέδρου,
601 740 658 808 καὶ
676 745 768 809 ἔσται
787 744 915 829 σφαίρᾳ
933 743 1113 825 περιειλημ-

104 851 209 934 μένον
231 847 269 917 τὸ
293 844 518 935 εἰκοσάεδρον.
560 847 645 932 λέγω
669 845 727 933 δή,
751 844 803 914 ὅτι
824 846 880 914 καὶ
903 855 944 934 τῇ
970 849 1116 931 δοθείση.

103 954 278 1040 τετμήσθω
311 952 376 1040 γὰρ
408 951 429 1039 ή
465 959 535 1020 ΦΧ
563 955 640 1040 δίχα
671 953 753 1020 κατὰ
782 951 820 1021 τὸ
852 951 910 1021 Α’.
965 951 1024 1018 καὶ
1055 950 1118 1018 ἐπεὶ

104 1057 222 1128 εὐθεῖα
245 1057 378 1148 γραμμή
401 1057 422 1145 ή
441 1065 510 1127 ΦΩ
528 1056 634 1146 ἄκρον
652 1058 708 1126 καὶ
725 1060 834 1154 μέσον
847 1061 950 1144 λόγον
969 1059 1121 1144 τέτμηται

104 1166 186 1235 κατὰ
209 1165 247 1234 τὸ
266 1173 312 1249 Χ,
334 1167 390 1232 καὶ
411 1163 450 1233 τὸ
474 1170 617 1233 ἔλασσον
640 1162 744 1250 αύτής
761 1162 873 1252 τμήμύ
892 1166 986 1232 ἐστιν
1005 1160 1026 1249 ή
1047 1168 1121 1246 ΩΧ,

55 1271 127 1359 1οή
157 1271 222 1359 ἄρα
245 1277 317 1338 ΩΧ
340 1274 579 1357 προσλαβοῦσα
605 1270 668 1356 τήν
700 1269 855 1358 ήμίσειαν
884 1274 945 1338 τού
975 1275 1122 1356 μείζονος

105 1377 272 1465 τμήματος
289 1375 351 1462 τήν
371 1376 450 1444 ΧΑ’
470 1378 718 1445 πενταπλάσιον
738 1375 880 1444 δύναται
898 1380 960 1444 τοῦ
980 1373 1050 1444 ἀπὸ
1069 1378 1122 1460 τής

105 1482 257 1569 ἡμισείας
287 1487 349 1549 τοῦ
381 1488 531 1569 μείζονος
561 1481 745 1568 τμήματος·
776 1480 1027 1550 πενταπλάσιον
1061 1479 1122 1568 ἄρα

106 1590 175 1657 ἐστί
197 1586 235 1656 τὸ
259 1587 325 1656 ἀπὸ
348 1592 407 1674 τής
425 1589 508 1656 M
531 1593 593 1657 τοῦ
617 1587 682 1656 ἀπὸ
701 1593 761 1674 τής
779 1588 872 1658 Α’Χ.
903 1594 964 1655 καί
980 1590 1052 1656 ἐστι
1070 1597 1123 1673 τῆς

106 1695 168 1782 μὲν
195 1694 278 1763 ίλᾸ
307 1698 407 1780 διπλή
434 1693 455 1780 ή
484 1701 576 1781 ΩΨ,
603 1706 662 1782 τῆς
692 1694 730 1762 δὲ
753 1693 839 1762 A'X
862 1698 963 1780 διπλῆ
992 1691 1013 1779 ή
1049 1700 1123 1761 ΦΧ·

57 1820 87 1869 15
106 1802 356 1870 πενταπλάσιον
375 1801 441 1887 ἄρα
465 1802 533 1869 ε’στί
556 1799 594 1869 τὸ
619 1799 684 1868 ἀπὸ
708 1805 767 1888 τής
789 1807 871 1867 ΩΨ
890 1805 953 1867 τοῦ
978 1798 1048 1868 ἀπὸ
1071 1804 1125 1886 τής

47 1944 51 1949 -
107 1916 184 1976 ΧΦ
220 1909 277 1976 καὶ
296 1910 365 1976 ἐπεὶ
384 1912 546 1995 τετραπλῆ
563 1906 685 1977 ἐστιν
667 1935 690 2037 η
703 1911 841 2035 ΑΓτης
854 1912 931 1991 ΓΒ,
954 1909 1124 1991 πενταπλή

107 2013 173 2100 ἄρα
201 2011 335 2082 ἐστὶν“
318 2041 339 2100 η
362 2021 428 2080 ΑΒ
455 2019 514 2100 τής
541 2020 611 2082 ΒΓ.
667 2010 713 2092 ὥς
740 2009 826 2098 δλή
854 2019 919 2078 ΑΒ
947 2010 1037 2098 πρὸς
1066 2011 1125 2099 τήν

107 2127 182 2205 ΒΓ,
211 2119 317 2199 οὕτως
342 2119 380 2188 τὸ
411 2118 476 2187 ἀπὸ
504 2125 563 2205 τής
591 2128 656 2187 ΑΒ
683 2119 767 2208 πρὸς
792 2119 830 2187 τὸ
865 2116 929 2187 ἀπὸ
960 2129 1022 2203 τῆς
1051 2126 1126 2186 ΒΔ

108 2226 395 2294 πενταπλάσιον
381 2228 447 2313 α’ρα
474 2226 542 2294 ἐστὶ
570 2225 607 2294 τὸ
639 2223 704 2294 ἀπὸ
722 2229 786 2313 τής
809 2233 870 2293 ΑΒ
892 2229 954 2292 τοῦ
977 2223 1048 2294 ἀπὸ
1071 2237 1128 2312 τῆς

55 2352 90 2400 20
109 2338 182 2398 ΒΔ.
229 2334 363 2417 ἐδείχθη
393 2331 431 2399 δὲ
457 2333 513 2399 καὶ
540 2330 578 2399 τὸ
607 2329 673 2399 ἀπὸ
697 2342 756 2419 τῆς
778 2329 1127 2398 ΩΨπενταπλασιον

108 2440 169 2504 τοῦ
194 2435 259 2504 ἀπὸ
282 2441 341 2522 τής
367 2443 442 2505 ΦΧ.
474 2443 533 2505 καί
553 2441 643 2507 ἐστιν
667 2445 723 2523 ίση
747 2435 768 2523 ή
793 2444 859 2505 ΔΒ
882 2439 922 2524 τή
949 2443 1030 2503 ΦΧ·
1056 2438 1126 2504 ἑκα-

109 2544 186 2630 τέρα
219 2540 283 2630 μδιρ
316 2541 428 2611 αὐτῶν
461 2552 516 2630 ίση
554 2543 623 2611 ἐστὶ
658 2555 698 2632 τῇ
731 2546 767 2610 ἐκ
798 2546 859 2611 τού
891 2543 1037 2630 κέντρον
1068 2547 1128 2612 τού

110 2655 284 2715 ΕΖΗΘΚ
309 2647 448 2716 κύκλον·
478 2658 532 2735 ίση
561 2649 627 2738 ύίρα
654 2649 709 2716 καί
736 2645 757 2734 ή
782 2655 847 2716 ΑΒ
875 2652 915 2736 τή
945 2655 1027 2716 ΨΩ.
1075 2654 1131 2716 καί

110 2757 200 2821 ἐστιν
229 2752 248 2841 ή
273 2762 339 2822 ΑΒ
365 2753 387 2842 ή
411 2766 468 2843 τῆς
487 2744 656 2842 δοθείσης
679 2760 824 2843 σφαίρας
853 2754 1046 2841 διάμετρος·
1075 2756 1127 2823 καί

58 2883 90 2928 ‘25
110 2857 130 2946 ή
150 2867 223 2927 ΨΩ
245 2859 310 2948 ἄρα
335 2869 390 2947 ίση
405 2863 473 2929 ἐστὶ
488 2873 528 2950 τῇ
542 2865 601 2947 τής
615 2865 774 2947 δοθείσης
792 2865 937 2947 σφαίρας
952 2863 1128 2954 διαμέτρῳ.

111 2970 150 3054 τή
176 2965 241 3054 ἄρα
266 2972 407 3055 δοθείση
432 2972 559 3057 σφαίρᾳ
586 2971 813 3054 περιείληπται
839 2964 877 3033 τὸ
902 2969 1129 3056 εἰκοσάεδρον.

179 3074 274 3157 Λέγω
304 3071 361 3158 δή,
393 3073 444 3140 ὅτι
471 3070 492 3159 ἡ
519 3083 580 3140 τοῦ
609 3073 826 3159 είκοσαέδρον
853 3070 980 3157 πλευρὰ
1007 3071 1131 3161 ἄλογός

112 3180 202 3246 ἐστιν
229 3175 250 3263 ή
278 3179 467 3265 καλουμένη
496 3178 650 3247 ἐλάττων.
700 3179 769 3246 ἐπεὶ
797 3176 860 3264 γὰρ
885 3177 967 3265 ῥητή
991 3177 1130 3266 ἐστινὴ

184 3357 544 3428 θ.Π]εαμταεοε.Ψλ).
617 3349 842 3424 3ύθενκαίη
925 3353 1082 3444 7.Α’]α
1077 3362 1131 3426 Ρ,

112 3428 728 3516 xqamutmoeVaBanfi
731 3427 826 3514 αςΒ)
913 3403 1131 3487 9.ὲ’τιλαονλ’,

184 3493 283 3571 αύτής]
303 3495 399 3554 ἐστιλ)
407 3494 521 3570 ,αύτής
540 3493 599 3554 ἔστι
618 3499 672 3567 Bq.
763 3493 821 3553 εστ
823 3498 851 3568 ν]
871 3513 926 3553 om
944 3498 1026 3568 Bbq.
