2340 3818
465 145 648 199 APPENDIX
666 147 700 199 11.
1022 144 1089 209 413

73 292 157 354 ΚΜ
174 284 309 372 ἄξονος,
337 285 489 353 ἐλάσσων
513 285 582 353 ἐστὶ
608 285 664 352 καὶ
687 282 705 352 5
730 292 808 352 ΠΗ
826 285 1007 374 κύλινδρος
1029 298 1090 354 τοῦ

74 397 150 460 ΗΧ
162 394 355 478 κυλίνδρου.
391 391 562 476 τεσσάρων
581 389 623 477 δή
644 394 797 476 μεγεθῶν
817 389 937 478 ἄντων,
957 391 1089 473 ἀξόνων

73 497 137 585 μὲν
154 501 224 566 τῶν
241 503 324 581 ΕΚ,
343 503 379 563 K
383 503 426 582 Z,
444 501 635 584 κυλίνδρων
648 501 717 564 τῶν
731 502 815 583 ΒΗ,
833 505 921 583 ΗΔ,
941 506 1107 584 εδληπται

73 603 184 684 ίσάκις
205 601 436 671 πολλαπλάσια
462 608 525 672 τοῦ
548 603 610 691 μὲν
633 610 702 671 ΕΚ
723 603 844 685 ἄξονος
865 604 922 671 καὶ
940 611 1016 671 ΒΗ
1033 631 1089 672 κυ-

73 712 216 797 λίνδρου
240 706 259 776 ἄ
281 735 316 776 τε
339 716 409 776 ΚΛ
431 708 521 790 ἄξων
539 711 595 777 καὶ
618 709 636 778 5
656 717 735 777 ΠΗ
752 710 944 798 κύλινδρος,
967 714 1029 779 τοῦ
1052 709 1090 779 δὲ

74 821 141 882 KZ
170 813 290 895 ἄξονος
316 816 372 883 καὶ
394 826 457 884 τοῦ
478 823 552 883 ΗΔ
579 819 764 903 κυλίνδρου
793 816 813 884 5'
840 842 876 884 τε
898 822 982 884 ΚΜ
999 814 1089 896 ἄξων

73 921 130 989 καὶ
153 918 170 988 5
195 928 235 988 Η
252 921 446 1009 κύλινδρος,
469 922 525 990 καὶ
548 923 727 1008 δέδεικται,
752 920 818 1008 ὅτι,
842 927 873 990 εί
894 921 1045 1008 ὑπερέχει
1070 919 1088 990 5

74 1035 147 1097 ΛΚ
160 1025 262 1108 ἄξων
291 1031 352 1095 τοῦ
375 1035 457 1095 ΚΜ
475 1026 609 1113 ἄξονος,
638 1027 789 1116 ὑπερέχει
814 1029 870 1096 καί
893 1027 911 1096 5
935 1035 1014 1096 ΠΗ
1031 1026 1090 1096 κύ-

75 1138 212 1221 λινδρος
234 1137 296 1201 τοῦ
318 1139 392 1200 ΗΧ
410 1138 608 1220 κυλίνδρου,
636 1134 692 1200 καὶ
716 1138 747 1201 εί
769 1142 841 1213 ίσος
864 1134 955 1202 ἐστὶν
978 1132 996 1202 5
1021 1140 1090 1201 ΚΛ

75 1238 165 1321 ἄξων
187 1243 233 1330 τῷ
256 1245 340 1307 ΚΜ
357 1239 467 1325 ἄξονι,
496 1247 568 1318 ίσος
588 1240 659 1308 ’ἐστὶ
686 1239 742 1306 καί
770 1237 788 1308 5
813 1247 892 1307 ΠΗ
910 1239 1090 1325 κύλινδρος

74 1350 121 1438 τῷ
145 1352 219 1414 ΗΧ
236 1348 416 1437 κυλίνδρῳ,
443 1346 499 1412 καὶ
523 1349 553 1412 εί
576 1343 728 1412 ἐλάσσων
751 1346 842 1413 ἐστὶν
865 1343 884 1413 5
908 1351 979 1413 ΛΚ
999 1344 1090 1426 ἄξων

74 1455 137 1519 τού
160 1457 243 1519 ΧΜ
265 1448 399 1537 ἄξονος,
428 1450 579 1520 ἐλάσσων
603 1451 671 1519 ἐστὶ
693 1451 748 1518 καί
773 1448 791 1519 5
815 1458 894 1519 ΠΗ
911 1451 1104 1539 κύλινδρος-

73 1561 136 1626 τού
159 1564 234 1625 ΗΧ
251 1562 449 1646 κυλίνδρου,
478 1562 569 1624 ἐστιν
595 1554 662 1643 ἄρα
690 1552 734 1636 ὡς
762 1554 779 1624 5
803 1563 873 1624 ΒΚ
893 1555 984 1638 ἄξων
1007 1555 1091 1643 πρὸς

74 1661 137 1732 τὸν
155 1670 220 1730 ΚΖ
244 1665 362 1750 ἄξονα,
386 1661 493 1742 οὕτως
516 1659 533 1730 5
553 1668 627 1729 ΒΗ
644 1661 824 1750 κύλινδρος
842 1660 925 1749 πρὸς
943 1659 1004 1729 τὸν
1020 1669 1091 1730 ΗΛ

77 1769 270 1855 κύλινδρον.

145 1984 190 2049 Οί
219 1982 272 2048 ἐπὶ
304 1989 388 2050 ίσων
420 1979 551 2067 βάσεων
580 1979 674 2059 ὄντες
700 1983 805 2047 κάνοι
831 1979 886 2046 καί
914 1978 1124 2066 κύλινδροιὶ

76 2085 162 2175 πρὸς
185 2085 350 2174 ἀλλήλους
373 2088 460 2155 είσὶν
484 2084 529 2165 ὡς
552 2084 592 2153 τά
616 2083 694 2171 ὕψη.

144 2197 293 2260 ἔστωσαν
321 2191 387 2280 νάρ
411 2193 463 2260 ἐπὶ
487 2200 570 2260 ίσων
593 2191 726 2277 βάσεων
745 2191 817 2260 ’τῶν
840 2197 921 2276 ΑΒ,
949 2196 1012 2258 ΓΔ
1034 2188 1090 2257 κύ-

73 2302 209 2386 λινδροι
233 2300 268 2367 οί
284 2306 363 2384 ΕΒ,
388 2306 463 2368 ΖΔ.
500 2300 601 2384 λέγω,
625 2296 676 2366 ὅτι
699 2297 790 2366 ἐστὶν
813 2294 858 2376 ἀς
876 2293 894 2364 5
913 2302 981 2362 ΗΒ
1001 2293 1091 2377 ἄξων

74 2402 161 2491 πρὸς
173 2393 244 2471 ’τὸν
262 2410 327 2472 ΚΛ
350 2402 465 2489 ἄξονα,
489 2402 595 2484 οὕτως
614 2401 632 2472 5
653 2410 715 2472 ΕΒ
734 2406 913 2492 κύλινδρος
929 2399 1014 2490 πρὸς
1032 2399 1091 2469 τὸν

73 2517 146 2577 ΖΔ
167 2509 358 2597 κύλινδρον.
1029 2522 1030 2525 ’

144 2615 360 2702 ἐκβεβλήσθω
388 2614 453 2703 γάρ
482 2642 500 2683 ο
526 2623 594 2684 ΚΛ
621 2615 711 2696 ἄξων
740 2616 792 2684 ἐπὶ
819 2612 857 2682 τδ
880 2621 914 2681 Ν
943 2627 1092 2701 σημεῖον,

72 2720 131 2789 καὶ
156 2725 281 2789 κείσθω
304 2725 349 2814 τῷ
368 2729 436 2790 ΗΘ
460 2722 555 2803 ἄξονι
579 2730 650 2801 ίσος
674 2727 798 2804 οΛΝ,
820 2719 876 2786 καὶ
895 2719 970 2806 περὶ
989 2717 1093 2800 ἄξονα

71 2823 137 2894 τὸν
156 2832 230 2894 ΛΝ
251 2826 430 2915 κύλινδρος
453 2834 601 2896 νοείσθω
625 2824 643 2895 5
668 2831 748 2894 ΓΜ.
786 2825 855 2893 ἐπεὶ
879 2818 943 2892 οὖν
962 2827 997 2892 οί
1013 2832 1092 2910 ΕΒ,

70 2937 155 3002 ΓΜ
177 2931 352 3020 κύλινδροι
379 2930 446 3001 ὑπὸ
474 2930 512 3001 τὸ
537 2930 620 3000 αύτύ
648 2936 734 2999 εἰσιν
756 2927 859 3015 ύψος,
886 2929 970 3017 πρὸς
992 2928 1093 3017 ἀλλή-

73 3046 158 3118 λους
180 3040 266 3107 εἰσὶν
285 3035 331 3118 ἀς
350 3042 387 3107 ac
402 3038 524 3125 βάσεις.
557 3046 627 3106 ἴσαι
651 3039 690 3106 δέ
707 3042 792 3104 είσιυ
812 3038 849 3103 αί
865 3034 988 3120 βάσεις.
1021 3045 1093 3116 ίσος

71 3145 145 3232 ἄρα
166 3145 223 3211 καὶ
246 3141 264 3212 5
289 3151 354 3213 ΒΕ
374 3144 554 3233 κύλινδρος
575 3156 620 3236 τῳ
639 3151 717 3213 ΓΜ
733 3145 912 3232 κυλίνδρῳ.
944 3141 1000 3208 καὶ
1024 3142 1092 3210 ἐπεὶ

72 3249 258 3337 κύλινδρος
281 3248 393 3319 ὁΖΜ
410 3252 553 3342 ἐπιπέδῳ
572 3255 618 3342 τῷ
639 3256 701 3318 ΓΔ
718 3251 873 3336 τέτμηται
891 3247 1092 3338 παραλλήλῳ

75 3357 152 3425 ἄντι
175 3369 245 3436 τοῖς
267 3356 467 3425 ἀπεναντίον
491 3359 672 3441 ἐπιπέδοις,
702 3361 792 3424 ἔστιν
820 3353 884 3441 ἄρα
909 3350 954 3434 ἀς
976 3351 994 3422 5
1020 3359 1099 3421 ΓΜ

74 3461 259 3550 κύλινδρος
277 3461 361 3553 πρὸς
377 3462 438 3532 τὸν
459 3470 521 3531 ΖΔ
538 3461 738 3549 κύλινδρον,
759 3457 907 3538 ούτωςδ
934 3467 995 3525 AN
1016 3457 1095 3539 πιδο-
