2340 3818
97 116 141 181 82
469 117 670 170 ΣΤΟΙΧΕΙΩΝ
688 113 741 171 ια’.

96 255 181 345 αὐτῇ
206 265 329 350 σημείῳ
352 261 398 351 τῷ
418 266 451 324 Α
473 263 512 348 τῇ
537 263 677 346 δοθείση
693 261 817 346 ,στερεᾷ
841 265 948 349 γωνίᾳ
969 261 1009 348 τῇ
1028 255 1113 345 πρὸς

95 369 142 455 τῷ
168 373 201 431 Α
225 373 280 452 ίση
304 366 514 432 συνέσταται·
539 364 619 450 ὅπερ
643 369 712 432 ἔδει
733 367 879 450 ποιῆσαι.

572 539 635 622 κζ’.

159 664 245 734 Ἀπδ
271 669 339 753 τῆς
363 669 552 751 δοθείσης
575 661 738 744 εὐθείας
760 668 810 757 τῷ
836 666 1003 733 δοθέντι
1027 685 1112 734 στε-

60 775 170 863 5ρεῷ
203 771 584 862 παραλληλεπιπέδῳ
618 768 759 858 ὅμοιόν
791 796 830 838 τε
861 771 926 838 καὶ
960 767 1112 858 ὁμοίως

93 884 281 964 κείμενον
336 875 506 962 στερεὸν
560 879 964 963 παραλληλεπίπεδον
1014 873 1111 944 άνα-

93 982 252 1070 γράψαι

149 1087 259 1156 Ἔστω
287 1085 308 1173 ἡ
333 1087 394 1175 μὲν
418 1092 559 1156 δοθεῖσα
583 1085 700 1156 εὐθεῖα
722 1085 744 1175 ἡ
768 1096 849 1175 ΑΒ,
877 1087 914 1158 τὸ
940 1089 978 1157 δὲ
1000 1087 1111 1156 δοθὲν

94 1214 230 1281 στερεον
262 1199 592 1281 παραλληλεπίπεδον
623 1193 661 1262 τὸ
690 1200 770 1262 ΓΔ·
803 1198 858 1262 δεῖ
887 1195 929 1283 δὴ
957 1191 1023 1262 άπὸ
1052 1197 1112 1280 τῆς
1156 1267 1161 1279 ,

42 1321 75 1370 10
95 1307 254 1387 δοθείσης
277 1300 412 1381 εὐθείας
435 1305 492 1387 της
515 1308 582 1369 ΑΒ
604 1305 650 1394 τῷ
674 1301 812 1370 δοθέντι
839 1305 960 1393 στερεῷ
984 1307 1111 1387 παραλ-

94 1409 299 1499 ληλεπιπέδῳ
328 1409 374 1498 τῷ
404 1413 474 1475 ΓΔ
500 1406 620 1497 ὅμοιόν
655 1433 691 1475 τε
717 1408 774 1475 καὶ
802 1405 927 1494 ὁμοίως
952 1413 1111 1493 κείμενον

94 1511 229 1600 στερεὸν
252 1518 583 1600 παραλληλεπίπεδον
602 1511 803 1601 ἀναγράψαι.

161 1621 361 1688 Συνεστάτω
384 1618 448 1708 γάρ
471 1617 555 1705 πρὸς
576 1618 617 1708 τῇ
639 1628 671 1686 Α
677 1626 706 1686 Β
734 1617 851 1708 εὐθείᾳ
878 1618 1002 1710 καὶτῷ
1026 1617 1112 1703 πρὸς

94 1724 177 1815 αὐτῇ
206 1732 329 1819 σημείῳ
358 1729 403 1818 τῷ
428 1734 460 1793 Α
486 1729 526 1814 τῇ
555 1724 638 1814 πρὸς
659 1728 705 1817 τῷ
729 1731 762 1792 Γ
780 1729 896 1814 στερεᾷ
920 1731 1029 1816 γωνίᾳ
1052 1733 1110 1811 ίση

41 1831 114 1918 1οὴ
143 1833 358 1920 περιεχομένη
386 1829 452 1899 ὑπὸ
480 1842 549 1901 τῶν
576 1838 691 1919 ΒΑΘ,
724 1838 842 1917 ΘΑΚ,
871 1838 992 1918 ΚΑΒ,
1025 1831 1113 1899 ὥστε

94 1947 171 2026 ίσην
195 1937 365 2025 εἶναιτὴν
389 1937 450 2025 μὲν
473 1934 538 2007 ὑπὸ
562 1945 662 2007 ΒΑΘ
685 1943 812 2024 γωνίαν
835 1941 874 2027 τῇ
904 1936 970 2007 ὑπὸ
995 1943 1111 2022 ΕΓΖ,

93 2043 155 2131 τὴν
183 2045 220 2113 δὲ
247 2043 312 2112 ὑπὸ
337 2050 443 2112 ΒΑΚ
465 2055 506 2135 τῇ
535 2043 601 2113 υπὸ
624 2051 741 2132 ΕΓΗ,
770 2043 831 2132 την
855 2045 892 2113 δὲ
914 2042 980 2113 ὑπὸ
1004 2050 1112 2111 ΚΑΘ

94 2154 132 2237 τῇ
156 2147 221 2216 ὑπὸ
245 2155 358 2217 ΗΓΖ·
385 2151 442 2218 καὶ
469 2152 633 2237 γεγονέτω
656 2147 702 2231 ὥς
724 2151 785 2238 μὲν
808 2149 830 2239 ἡ
855 2157 922 2219 ΕΓ
940 2151 1021 2239 πρὸς
1044 2147 1110 2236 τὴν

93 2260 176 2340 ΓΗ,
200 2251 306 2333 οὕτως
328 2253 349 2341 ἡ
372 2263 438 2324 ΒΑ
461 2259 544 2345 πρὸς
565 2256 629 2343 τὴν
652 2264 736 2342 ΑΚ,
761 2255 805 2336 ὡς
828 2257 867 2325 δὲ
889 2254 910 2341 ἡ
934 2263 1006 2324 ΗΓ
1025 2256 1112 2342 πρὸς

41 2379 74 2430 20
93 2359 155 2447 τὴν
179 2366 254 2446 ΓΖ,
283 2360 390 2442 οὕτως
416 2359 438 2449 ἡ
462 2370 532 2430 ΚΑ
559 2361 643 2450 πρὸς
669 2359 732 2447 τὴν
753 2368 828 2429 ΑΘ.
872 2362 927 2428 καί
959 2360 1003 2429 δι’
1031 2371 1112 2431 ίσοα

94 2465 160 2553 άρα
183 2467 273 2536 ἐστὶν
298 2464 344 2547 ὥς
366 2466 387 2553 ἡ
407 2474 474 2535 ΕΓ
491 2468 574 2556 πρὸς
587 2466 658 2554 τὴν
673 2472 747 2552 ΓΖ,
773 2464 879 2546 οὕτως
901 2464 1004 2554 ἡΒΑ
1023 2467 1111 2555 πρὸς

94 2572 155 2660 τὴν
187 2577 263 2642 ΑΘ.Ι
312 2574 367 2642 καλ
400 2573 700 2662 συμπεπληρώσθω
732 2572 770 2640 τὸ
804 2580 865 2641 ΘΒ
898 2575 1110 2662 παραλληλό-

93 2707 249 2768 γραμμον
270 2678 387 2748 καὶτὸ
411 2688 443 2746 Α
449 2687 480 2747 Λ
504 2680 649 2767 στερεόν.

161 2787 228 2854 Καὶ
252 2789 325 2854 ἐπεί
346 2787 436 2854 ἐστιν
459 2783 505 2866 ὥς
527 2782 547 2872 ἡ
571 2792 639 2853 ΕΓ
656 2784 738 2873 πρὸς
761 2785 823 2874 τὴν
847 2793 931 2873 ΓΗ,
955 2785 1062 2867 οὕτως
1086 2785 1110 2875 ἡ

41 2911 75 2961 25
95 2899 161 2959 BA
193 2890 276 2980 πρὸς
301 2890 364 2979 τὴν
391 2898 474 2979 ΑΚ,
506 2892 562 2959 καὶ
593 2893 668 2980 περὶ
697 2901 770 2972 ίσας
799 2900 923 2978 γωνίας
953 2893 1012 2973 τὰς
1039 2890 1110 2963 ὑπὸ

95 3004 340 3099 ΕΓΗ,.ΒΑΚ
361 3001 399 3065 αί
418 2989 557 3086 πλευραὶ
580 2995 751 3086 άνάλογόν
775 3004 872 3087 είσιν,
897 2997 1015 3086 ὅμοιον
1039 2997 1110 3086 άρα

96 3105 164 3172 ἐστὶ
196 3102 233 3171 τὸ
262 3110 334 3171 ΗΕ
363 3102 710 3193 παραλληλόγραμμον
737 3109 782 3197 τῷ
807 3112 872 3174 ΚΒ
900 3112 1109 3192 παραλληλο-

165 3305 190 3353 2.
206 3301 377 3367 συνίσταται,
396 3300 410 3352 ί
424 3298 455 3352 in
469 3316 531 3369 ras„
545 3300 583 3367 V3
602 3299 761 3355 συνεστάτω
776 3320 806 3368 φ.
861 3300 989 3371 ποιῆσαι]
1006 3299 1111 3370 δεῖξαι,

94 3388 150 3439 mg.
170 3391 210 3439 γρ.
231 3371 355 3439 ποιησαι,
374 3389 409 3424 m.
431 3378 445 3425 l
465 3371 522 3426 Vb.
604 3377 629 3425 3.
648 3368 706 3444 κζ’]
726 3389 761 3428 m.
780 3387 835 3426 reo.
854 3368 884 3424 F.
958 3376 982 3425 δ.
1001 3375 1110 3440 παραλ-

93 3444 245 3509 ληλωεπιπ.
270 3458 337 3497 corr.
360 3443 390 3497 in
413 3445 650 3513 παραλληλοεπιπ.
669 3444 700 3509 b,
726 3440 867 3512 (μάλιστα
885 3440 1004 3496 formam
1022 3442 1106 3497 lime
