2340 3818
107 156 171 221 256
360 120 363 126 Ι
479 157 680 212 ΣΤΟΙΧΕΙΩΝ
699 153 747 225 ιη’.

105 304 173 366 ΑΓ
192 302 252 365 τοῦ
275 295 341 365 ἀπὸ
365 300 423 384 τῆς
438 305 515 385 ΛΓ,
538 299 688 366 τουτέστι
711 297 749 367 τὸ
774 306 839 366 ΡΣ
859 302 921 366 τοῦ
940 304 1017 365 ΖΗ.
1063 297 1117 364 καῖ

105 404 174 471 ἐπεὶ
196 403 234 471 τὸ
259 401 325 471 ὑπὸ
350 409 419 471 τῶν
442 411 540 473 ΑΒΓ
555 412 631 472 ἴσον
650 405 719 473 ἐστὶ
737 409 783 497 τῷ
803 402 868 473 ἀπὸ
886 409 946 492 τῆς
964 409 1041 489 ΑΓ,
1064 409 1121 470 καί

105 511 172 576 ἐστι
195 508 233 576 τὸ
256 507 323 578 ὑπὸ
347 514 415 577 τῶν
437 517 544 578 ΑΒΓ
560 509 598 578 τὸ
618 515 695 596 ΓΕ,
719 509 757 579 τὸ
780 508 846 596 ἄρα
868 515 933 578 ΓΕ
954 518 1032 577 ἴσον
1051 509 1116 576 ἐστὶ

103 626 148 706 τῷ
173 622 244 682 ΡΣ.
285 615 527 702 τετραπλάσιον
551 615 588 684 δὲ
611 614 649 684 τὸ
667 623 734 682 ΡΣ
753 620 815 683 τοῦ
838 622 917 683 ΖΗ·
941 613 1118 703 τετραπλά-

70 739 181 789 σσιον
208 721 274 807 ἄρα
301 723 357 789 καὶ
379 719 416 789 τὸ
441 728 505 790 ΓΕ
525 727 586 790 τοῦ
611 728 686 790 ΖΗ.
730 721 832 790 πάλιν
856 723 926 790 ἐπεὶ
950 729 1005 806 ἴση
1032 720 1116 788 ἐστὶν

105 825 125 912 ἡ
151 836 216 894 ΑΔ
238 832 278 916 τῇ
302 833 379 913 ΔΓ,
403 836 458 914 ἴση
483 830 551 896 ἐστὶ
574 828 629 896 καὶ
652 826 673 915 ἡ
693 834 761 895 ΘΚ
781 831 820 916 τῇ
844 834 919 896 ΚΖ.
956 825 1117 894 ὥστεκαὶ

104 931 141 999 τὸ
164 939 230 999 ΗΖ
252 933 462 1020 τετράγωνον
485 940 561 1001 ἴσον
580 933 649 1001 ἐστὶ
671 937 718 1025 τῷ
737 940 802 1000 ΘΛ
824 930 1031 1023 τετραγώνῳ.
1065 939 1117 1016 ἴση

105 1035 170 1123 ἄρα
188 1034 209 1122 ἡ
229 1043 303 1104 ΗΚ
318 1046 358 1126 τῇ
377 1042 457 1122 ΚΛ,
475 1039 646 1105 τουτέστιν
664 1037 685 1123 ἡ
710 1044 789 1104 ΜΝ
802 1040 841 1125 τῇ
860 1044 941 1104 ΝΕ·
962 1035 1119 1105 ὥστεκαὶ

104 1141 141 1210 τὸ
171 1149 243 1209 ΜΖ
274 1146 319 1235 τῷ
349 1149 414 1210 ΖΕ
440 1145 530 1211 ἐστιν
548 1151 648 1212 ἴσον.
700 1141 784 1211 ἀλλὰ
812 1142 850 1211 τὸ
878 1150 951 1211 ΜΖ
978 1154 1025 1235 τῷ
1054 1149 1120 1210 ΓΗ

53 1269 85 1317 10
105 1252 195 1330 ἐστιν
214 1256 303 1315 ἴσον·
326 1249 382 1316 καὶ
400 1248 438 1317 τὸ
458 1256 530 1317 ΓΗ
544 1247 608 1336 ἄρα
627 1253 672 1342 τῷ
693 1257 758 1317 ΖΕ
775 1252 865 1318 ἐστιν
884 1258 970 1317 ἴσον.
1002 1247 1119 1317 κοινὸν

104 1358 316 1441 προσκείσθω
343 1352 381 1422 τὸ
406 1362 485 1423 ΓΝ·
515 1352 533 1423 ὁ
564 1355 629 1440 ἄρα
652 1359 758 1432 ΞΟΠ
781 1355 928 1442 γνώμων
955 1363 1028 1435 ἴσος
1051 1354 1119 1446 ἐστὶ

104 1462 149 1549 τῷ
173 1465 243 1527 ΓΕ.
285 1458 369 1527 ἀλλὰ
391 1459 428 1527 τὸ
451 1466 515 1527 ΓΕ
534 1461 776 1549 τετραπλάσιον
800 1466 935 1547 ἐδείχθη
959 1472 1021 1529 τοῦ
1040 1468 1119 1527 ΗΖ·

104 1556 159 1630 καὶ
188 1563 205 1631 ὁ
231 1567 337 1642 ΞΟΠ
359 1565 425 1653 ἄρα
447 1565 591 1653 γνώμων
615 1566 853 1653 τετραπλάσιός
876 1571 944 1635 ἐστι
966 1571 1028 1634 τοῦ
1054 1572 1125 1633 ΖΗ

104 1669 323 1763 τετραγώνου.
360 1668 374 1738 ἱ
401 1673 506 1747 ΞΟΠ
528 1669 594 1758 ἄρα
616 1671 762 1758 γνώμων
784 1671 840 1739 καὶ
862 1670 900 1740 τὸ
920 1678 993 1739 ΖΗ
1011 1670 1122 1759 τετρά-

53 1796 85 1844 15
104 1803 216 1862 νωνον
249 1776 491 1856 πενταπλάσιός
523 1779 591 1845 ἐστι
621 1783 683 1845 τοῦ
717 1785 792 1847 ΖΗ
849 1775 934 1846 ἀλλὰ
967 1776 985 1845 ὁ
1016 1780 1125 1853 ΞΟΠ

104 1881 249 1968 γνώμων
281 1883 336 1949 καῖ
367 1881 405 1951 τὸ
436 1889 507 1950 ΖΗ
533 1882 747 1970 τετράγωνόν
774 1886 843 1951 ἐστι
870 1881 908 1951 τὸ
936 1890 1018 1951 ΔΝ.
1066 1888 1124 1951 καῖ

106 1987 234 2056 ἔστιτὸ
259 1989 320 2074 μὲν
345 1996 421 2056 ΛΝ
439 1987 477 2056 τὸ
502 1986 567 2057 ἀπὸ
590 1992 649 2074 τῆς
672 1997 753 2073 ΛΒ,
777 1989 814 2057 τὸ
839 1989 877 2057 δὲ
899 1996 967 2056 ΗΖ
989 1988 1028 2056 τὸ
1054 1987 1120 2057 ἀπὸ

104 2097 163 2179 τῆς
183 2099 256 2160 ΔΓ.
298 2093 335 2161 τὸ
360 2092 425 2178 ἄρα
448 2092 513 2161 ἀπὸ
536 2098 594 2180 της
613 2102 679 2161 ΑΒ
697 2094 946 2163 πενταπλάσιόν
965 2097 1035 2162 ἐστι
1059 2106 1122 2164 τοῦ

105 2197 170 2266 ἀπὸ
194 2203 253 2285 τῆς
277 2204 355 2266 ΔΓ·
379 2198 461 2285 ὅπερ
484 2204 552 2267 ἔδει
576 2201 693 2281 δεῖξαι.
802 2266 835 2315 ’0

53 2409 87 2460 νο
592 2393 635 2461 δ’.

170 2513 257 2582 Ἐὰν
282 2512 421 2582 εὐθεῖα
444 2514 599 2602 γραμμὴ
623 2516 746 2604 ἄκρον
769 2517 833 2584 καὶ
856 2519 977 2604 μέσον
996 2518 1122 2605 λόγον

104 2625 252 2708 τμηθῇ,
270 2621 312 2690 τὸ
331 2620 405 2690 ἀπὸ
423 2626 491 2708 τῆς
511 2619 603 2708 ὅλης
621 2623 685 2690 καῖ
703 2628 773 2691 τοῦ
793 2625 1009 2703 ἐλάσσονος
1027 2624 1124 2710 τμή-

105 2753 241 2812 ματος,
264 2725 308 2793 τὰ
334 2726 616 2813 συναμφότερα
638 2727 882 2816 τετράγωνα,
904 2729 1125 2813 τριπλάσιά

106 2834 188 2899 ἐστι
220 2836 289 2900 τοῦ
323 2829 397 2901 ἀπὸ
428 2837 499 2900 τοῦ
531 2839 714 2917 μείζονος
744 2834 948 2921 τμήματος
984 2861 1123 2923 τετρα-

52 2955 86 3004 25
105 2937 244 3023 γοὶνονζ

164 3043 272 3112 Ἔστω
292 3042 410 3135 εὐθεῖα
427 3042 448 3131 ἡ
465 3053 497 3111 Α
502 3052 544 3130 Β,
563 3046 618 3113 καὶ
636 3046 812 3134 τετμήσθω
827 3044 931 3134 ἄκρον
945 3049 999 3115 καὶ
1015 3050 1123 3134 μέσον

106 3152 209 3235 λόγον
239 3147 321 3217 κατὰ
353 3147 390 3216 τὸ
415 3156 453 3237 Γ,
488 3150 543 3218 καὶ
571 3156 654 3220 ἔστω
687 3159 799 3238 μεῖζον
831 3158 941 3241 τμῆμα
973 3152 1011 3222 τὸ
1046 3161 1122 3223 ΑΓ·

180 3405 201 3451 1.
222 3357 272 3451 rh
291 3397 324 3451 v.
406 3402 431 3451 3.
450 3398 519 3468 τεν]
538 3399 575 3452 τε
596 3399 621 3454 b.
695 3399 762 3456 Post
779 3399 856 3471 prius
877 3404 930 3454 PE
950 3400 1012 3455 τοο
1032 3399 1067 3456 τε
1087 3403 1121 3459 οε

93 3463 156 3521 α’πό
176 3469 228 3538 τῆς
244 3472 306 3524 ΑΓ
319 3464 352 3524 τὸ
373 3469 421 3542 (τῶ
436 3468 472 3539 V)
488 3472 542 3526 ΡΣ
555 3469 645 3542 Vbq,
660 3469 685 3523 B
701 3489 741 3528 m.
753 3477 781 3526 2.
832 3467 864 3525 τὸ
884 3466 941 3541 ἄρα
956 3502 990 3512 -
1005 3478 1031 3528 4.
1053 3475 1121 3546 ΡΣ]
