<?xml version="1.0" encoding="UTF-8"?>
<!DOCTYPE html PUBLIC "-//W3C//DTD XHTML 1.0 Transitional//EN"
    "http://www.w3.org/TR/xhtml1/DTD/xhtml1-transitional.dtd">
<html xmlns="http://www.w3.org/1999/xhtml" xml:lang="en" lang="en">
 <head>
  <title>
</title>
<meta http-equiv="Content-Type" content="text/html;charset=utf-8" />
  <meta name='ocr-system' content='tesseract 3.04.00' />
  <meta name='ocr-capabilities' content='ocr_page ocr_carea ocr_par ocr_line ocrx_word'/>
</head>
<body>
  <div class='ocr_page' id='page_1' title='image "./euclidisoperaom04unkngoog_0237.png"; bbox 0 0 2340 3818; ppageno 0'>
   <div class='ocr_carea' id='block_1_1' title="bbox 104 125 745 201">
    <p class='ocr_par' dir='ltr' id='par_1_1' title="bbox 104 125 745 201">
     <span class='ocr_line' id='line_1_1' title="bbox 104 125 745 201; baseline -0.012 -9"><span class='ocrx_word' id='word_1_1' title='bbox 104 129 173 192; x_wconf 80' lang='lat'><strong><em>214</em></strong></span> <span class='ocrx_word' id='word_1_2' title='bbox 474 130 677 182; x_wconf 72' lang='grc' dir='ltr'><strong><em>ΣΤοιΧοΙΩΝ</em></strong></span> <span class='ocrx_word' id='word_1_3' title='bbox 695 125 745 201; x_wconf 73' lang='grc' dir='ltr'><strong><em>ιβ’.</em></strong></span> 
     </span>
    </p>
   </div>
   <div class='ocr_carea' id='block_1_2' title="bbox 48 266 1124 3236">
    <p class='ocr_par' dir='ltr' id='par_1_2' title="bbox 100 266 1115 678">
     <span class='ocr_line' id='line_1_2' title="bbox 100 266 1112 360; baseline -0.002 -22"><span class='ocrx_word' id='word_1_4' title='bbox 100 271 162 356; x_wconf 83' lang='grc' dir='ltr'><strong><em>μέν</em></strong></span> <span class='ocrx_word' id='word_1_5' title='bbox 186 271 255 338; x_wconf 80' lang='grc' dir='ltr'><strong><em>ἐστι</em></strong></span> <span class='ocrx_word' id='word_1_6' title='bbox 277 269 316 339; x_wconf 86' lang='grc' dir='ltr'><strong><em>τὸ</em></strong></span> <span class='ocrx_word' id='word_1_7' title='bbox 336 279 618 339; x_wconf 82' lang='grc' dir='ltr'><em>ΕΟΖΠΗΡΘΣ</em></span> <span class='ocrx_word' id='word_1_8' title='bbox 634 271 846 358; x_wconf 77' lang='grc' dir='ltr'><strong><em>πολύγωνον,</em></strong></span> <span class='ocrx_word' id='word_1_9' title='bbox 867 266 1002 360; x_wconf 80' lang='grc' dir='ltr'><strong><em>κορυφὴ</em></strong></span> <span class='ocrx_word' id='word_1_10' title='bbox 1026 269 1064 338; x_wconf 71' lang='grc' dir='ltr'><strong><em>δὲ</em></strong></span> <span class='ocrx_word' id='word_1_11' title='bbox 1080 294 1112 336; x_wconf 83' lang='grc' dir='ltr'><strong><em>ιο</em></strong></span> 
     </span>
     <span class='ocr_line' id='line_1_3' title="bbox 100 373 1113 467; baseline -0.002 -24"><span class='ocrx_word' id='word_1_12' title='bbox 100 383 143 443; x_wconf 92' lang='grc' dir='ltr'><strong><em>Ν.</em></strong></span> <span class='ocrx_word' id='word_1_13' title='bbox 180 375 344 445; x_wconf 78' lang='grc' dir='ltr'><strong><em>ἀλλὰκαὶ</em></strong></span> <span class='ocrx_word' id='word_1_14' title='bbox 368 383 519 447; x_wconf 81' lang='grc' dir='ltr'><strong><em>ἔλαττον·</em></strong></span> <span class='ocrx_word' id='word_1_15' title='bbox 544 377 625 467; x_wconf 83' lang='grc' dir='ltr'><strong><em>ὅπερ</em></strong></span> <span class='ocrx_word' id='word_1_16' title='bbox 645 378 737 447; x_wconf 81' lang='grc' dir='ltr'><strong><em>ἐστὶν</em></strong></span> <span class='ocrx_word' id='word_1_17' title='bbox 754 376 936 447; x_wconf 78' lang='grc' dir='ltr'><strong><em>ἀδύνατον.</em></strong></span> <span class='ocrx_word' id='word_1_18' title='bbox 973 373 1038 445; x_wconf 83' lang='grc' dir='ltr'><strong><em>ούιι</em></strong></span> <span class='ocrx_word' id='word_1_19' title='bbox 1054 373 1113 463; x_wconf 79' lang='grc' dir='ltr'><strong><em>ἄρα</em></strong></span> 
     </span>
     <span class='ocr_line' id='line_1_4' title="bbox 101 475 1113 571; baseline -0.003 -20"><span class='ocrx_word' id='word_1_20' title='bbox 101 480 119 550; x_wconf 98' lang='lat'><em>6</em></span> <span class='ocrx_word' id='word_1_21' title='bbox 144 494 267 570; x_wconf 82' lang='grc' dir='ltr'><strong><em>κῶνος,</em></strong></span> <span class='ocrx_word' id='word_1_22' title='bbox 297 475 339 552; x_wconf 85' lang='grc' dir='ltr'><strong><em>ού</em></strong></span> <span class='ocrx_word' id='word_1_23' title='bbox 366 485 465 570; x_wconf 79' lang='grc' dir='ltr'><strong><em>βάσις</em></strong></span> <span class='ocrx_word' id='word_1_24' title='bbox 493 482 511 553; x_wconf 92' lang='lat'><em>6</em></span> <span class='ocrx_word' id='word_1_25' title='bbox 535 491 668 553; x_wconf 84' lang='grc' dir='ltr'><em>ΑΒΓΔ</em></span> <span class='ocrx_word' id='word_1_26' title='bbox 689 484 827 570; x_wconf 78' lang='grc' dir='ltr'><strong><em>κύκλος,</em></strong></span> <span class='ocrx_word' id='word_1_27' title='bbox 852 481 989 571; x_wconf 83' lang='grc' dir='ltr'><strong><em>κορυφὴ</em></strong></span> <span class='ocrx_word' id='word_1_28' title='bbox 1019 481 1057 550; x_wconf 65' lang='grc' dir='ltr'><strong><em>δὲ</em></strong></span> <span class='ocrx_word' id='word_1_29' title='bbox 1080 479 1113 549; x_wconf 87' lang='grc' dir='ltr'><strong><em>τὸ</em></strong></span> 
     </span>
     <span class='ocr_line' id='line_1_5' title="bbox 100 577 1115 678; baseline 0.001 -23"><span class='ocrx_word' id='word_1_30' title='bbox 100 595 132 655; x_wconf 98' lang='grc' dir='ltr'><em>Λ</em></span> <span class='ocrx_word' id='word_1_31' title='bbox 156 595 341 677; x_wconf 78' lang='grc' dir='ltr'><strong><em>[σημεῖον],</em></strong></span> <span class='ocrx_word' id='word_1_32' title='bbox 364 593 447 676; x_wconf 81' lang='grc' dir='ltr'><strong><em>πρὸς</em></strong></span> <span class='ocrx_word' id='word_1_33' title='bbox 469 590 607 659; x_wconf 79' lang='grc' dir='ltr'><strong><em>ἔλαττόν</em></strong></span> <span class='ocrx_word' id='word_1_34' title='bbox 630 618 662 659; x_wconf 85' lang='grc' dir='ltr'><strong><em>τι</em></strong></span> <span class='ocrx_word' id='word_1_35' title='bbox 683 595 746 660; x_wconf 81' lang='grc' dir='ltr'><strong><em>τοῦ</em></strong></span> <span class='ocrx_word' id='word_1_36' title='bbox 768 591 883 661; x_wconf 86' lang='grc' dir='ltr'><strong><em>κῶνον</em></strong></span> <span class='ocrx_word' id='word_1_37' title='bbox 901 589 1057 678; x_wconf 82' lang='grc' dir='ltr'><strong><em>στερεόν,</em></strong></span> <span class='ocrx_word' id='word_1_38' title='bbox 1078 577 1115 655; x_wconf 80' lang='grc' dir='ltr'><strong><em>οὗ</em></strong></span> 
     </span>
    </p>

    <p class='ocr_par' dir='ltr' id='par_1_3' title="bbox 66 693 1117 1211">
     <span class='ocr_line' id='line_1_6' title="bbox 66 693 1115 786; baseline -0.001 -24"><span class='ocrx_word' id='word_1_39' title='bbox 66 713 82 762; x_wconf 80' lang='grc' dir='ltr'><strong><em>ο</em></strong></span> <span class='ocrx_word' id='word_1_40' title='bbox 101 695 199 782; x_wconf 82' lang='grc' dir='ltr'><strong><em>βάσις</em></strong></span> <span class='ocrx_word' id='word_1_41' title='bbox 221 697 283 784; x_wconf 71' lang='grc' dir='ltr'><strong><em>μὲν</em></strong></span> <span class='ocrx_word' id='word_1_42' title='bbox 303 696 321 766; x_wconf 97' lang='lat'><em>6</em></span> <span class='ocrx_word' id='word_1_43' title='bbox 341 703 479 764; x_wconf 82' lang='grc' dir='ltr'>ΕΖΗΘ</span> <span class='ocrx_word' id='word_1_44' title='bbox 495 699 626 783; x_wconf 88' lang='grc' dir='ltr'><strong><em>κύκλος,</em></strong></span> <span class='ocrx_word' id='word_1_45' title='bbox 649 695 783 786; x_wconf 80' lang='grc' dir='ltr'><strong><em>κορυφὴ</em></strong></span> <span class='ocrx_word' id='word_1_46' title='bbox 803 696 841 765; x_wconf 72' lang='grc' dir='ltr'><strong><em>δὲ</em></strong></span> <span class='ocrx_word' id='word_1_47' title='bbox 858 693 896 764; x_wconf 85' lang='grc' dir='ltr'><strong><em>τδ</em></strong></span> <span class='ocrx_word' id='word_1_48' title='bbox 916 701 955 762; x_wconf 96' lang='grc' dir='ltr'><em>Ν</em></span> <span class='ocrx_word' id='word_1_49' title='bbox 969 707 1115 781; x_wconf 79' lang='grc' dir='ltr'><strong><em>σημεῖον,</em></strong></span> 
     </span>
     <span class='ocr_line' id='line_1_7' title="bbox 99 799 1116 892; baseline -0.001 -24"><span class='ocrx_word' id='word_1_50' title='bbox 99 808 319 888; x_wconf 84' lang='grc' dir='ltr'><strong><em>τριπλασίονα</em></strong></span> <span class='ocrx_word' id='word_1_51' title='bbox 351 804 456 889; x_wconf 84' lang='grc' dir='ltr'><strong><em>λόγον</em></strong></span> <span class='ocrx_word' id='word_1_52' title='bbox 489 809 555 891; x_wconf 80' lang='grc' dir='ltr'><strong><em>ἔχει</em></strong></span> <span class='ocrx_word' id='word_1_53' title='bbox 587 802 671 892; x_wconf 76' lang='grc' dir='ltr'><strong><em>ἥπερ</em></strong></span> <span class='ocrx_word' id='word_1_54' title='bbox 703 801 724 890; x_wconf 82' lang='grc' dir='ltr'><em>ἡ</em></span> <span class='ocrx_word' id='word_1_55' title='bbox 753 810 817 870; x_wconf 98' lang='lat' dir='ltr'><strong><em>BA</em></strong></span> <span class='ocrx_word' id='word_1_56' title='bbox 842 801 928 891; x_wconf 83' lang='grc' dir='ltr'><strong><em>πρὸς</em></strong></span> <span class='ocrx_word' id='word_1_57' title='bbox 959 799 1024 888; x_wconf 77' lang='grc' dir='ltr'><strong><em>τὴν</em></strong></span> <span class='ocrx_word' id='word_1_58' title='bbox 1052 807 1116 868; x_wconf 90' lang='grc' dir='ltr'><strong><em>ΖΘ.</em></strong></span> 
     </span>
     <span class='ocr_line' id='line_1_8' title="bbox 101 905 1117 996; baseline -0.001 -21"><span class='ocrx_word' id='word_1_59' title='bbox 101 907 226 994; x_wconf 85' lang='grc' dir='ltr'><strong><em>ὁμοίως</em></strong></span> <span class='ocrx_word' id='word_1_60' title='bbox 249 908 291 996; x_wconf 79' lang='grc' dir='ltr'><strong><em>δὴ</em></strong></span> <span class='ocrx_word' id='word_1_61' title='bbox 318 911 481 996; x_wconf 82' lang='grc' dir='ltr'><strong><em>δείξομεν,</em></strong></span> <span class='ocrx_word' id='word_1_62' title='bbox 505 908 555 977; x_wconf 81' lang='grc' dir='ltr'><strong><em>ὅτι</em></strong></span> <span class='ocrx_word' id='word_1_63' title='bbox 579 907 660 978; x_wconf 73' lang='grc' dir='ltr'><strong><em>οὐδὲ</em></strong></span> <span class='ocrx_word' id='word_1_64' title='bbox 679 907 698 977; x_wconf 94' lang='lat'><em>6</em></span> <span class='ocrx_word' id='word_1_65' title='bbox 718 915 895 977; x_wconf 82' lang='grc' dir='ltr'><strong>ΕΖΗΘΝ</strong></span> <span class='ocrx_word' id='word_1_66' title='bbox 908 911 1020 987; x_wconf 90' lang='grc' dir='ltr'><strong><em>κῶνος</em></strong></span> <span class='ocrx_word' id='word_1_67' title='bbox 1038 905 1117 995; x_wconf 83' lang='grc' dir='ltr'><strong><em>πρὸς</em></strong></span> 
     </span>
     <span class='ocr_line' id='line_1_9' title="bbox 100 1014 1116 1104; baseline -0.001 -22"><span class='ocrx_word' id='word_1_68' title='bbox 100 1016 238 1083; x_wconf 75' lang='grc' dir='ltr'><strong><em>ἔλαττόν</em></strong></span> <span class='ocrx_word' id='word_1_69' title='bbox 266 1041 298 1082; x_wconf 85' lang='grc' dir='ltr'><strong><em>τι</em></strong></span> <span class='ocrx_word' id='word_1_70' title='bbox 324 1018 387 1083; x_wconf 81' lang='grc' dir='ltr'><strong><em>τού</em></strong></span> <span class='ocrx_word' id='word_1_71' title='bbox 409 1022 576 1084; x_wconf 89' lang='grc' dir='ltr'><em>ΑΒΓΔΛ</em></span> <span class='ocrx_word' id='word_1_72' title='bbox 597 1018 711 1085; x_wconf 87' lang='grc' dir='ltr'><strong><em>κῶνον</em></strong></span> <span class='ocrx_word' id='word_1_73' title='bbox 738 1014 876 1104; x_wconf 83' lang='grc' dir='ltr'><strong><em>στερεὸν</em></strong></span> <span class='ocrx_word' id='word_1_74' title='bbox 898 1018 1116 1103; x_wconf 76' lang='grc' dir='ltr'><strong><em>τριπλασίονα</em></strong></span> 
     </span>
     <span class='ocr_line' id='line_1_10' title="bbox 99 1119 817 1211; baseline 0.004 -22"><span class='ocrx_word' id='word_1_75' title='bbox 99 1121 203 1208; x_wconf 78' lang='grc' dir='ltr'><strong><em>λόγον</em></strong></span> <span class='ocrx_word' id='word_1_76' title='bbox 227 1126 293 1209; x_wconf 82' lang='grc' dir='ltr'><strong><em>ἔχει</em></strong></span> <span class='ocrx_word' id='word_1_77' title='bbox 315 1119 399 1211; x_wconf 80' lang='grc' dir='ltr'><strong><em>ἥπερ</em></strong></span> <span class='ocrx_word' id='word_1_78' title='bbox 422 1150 443 1209; x_wconf 82' lang='grc' dir='ltr'><em>η</em></span> <span class='ocrx_word' id='word_1_79' title='bbox 469 1129 531 1190; x_wconf 91' lang='grc' dir='ltr'><strong><em>ΖΘ</em></strong></span> <span class='ocrx_word' id='word_1_80' title='bbox 553 1121 637 1211; x_wconf 82' lang='grc' dir='ltr'><strong><em>πρὸς</em></strong></span> <span class='ocrx_word' id='word_1_81' title='bbox 658 1123 720 1209; x_wconf 79' lang='grc' dir='ltr'><strong><em>τὴν</em></strong></span> <span class='ocrx_word' id='word_1_82' title='bbox 744 1129 817 1192; x_wconf 92' lang='lat' dir='ltr'><strong><em>BA.</em></strong></span> 
     </span>
    </p>

    <p class='ocr_par' dir='ltr' id='par_1_4' title="bbox 50 1225 1115 1529">
     <span class='ocr_line' id='line_1_11' title="bbox 50 1225 1115 1316; baseline 0.002 -24"><span class='ocrx_word' id='word_1_83' title='bbox 50 1242 83 1293; x_wconf 88' lang='lat'><strong><em>10</em></strong></span> <span class='ocrx_word' id='word_1_84' title='bbox 167 1228 264 1314; x_wconf 79' lang='grc' dir='ltr'><em>Λέγω</em></span> <span class='ocrx_word' id='word_1_85' title='bbox 289 1228 344 1316; x_wconf 81' lang='grc' dir='ltr'><strong><em>δή,</em></strong></span> <span class='ocrx_word' id='word_1_86' title='bbox 368 1227 420 1297; x_wconf 86' lang='grc' dir='ltr'><strong><em>ὅιι</em></strong></span> <span class='ocrx_word' id='word_1_87' title='bbox 443 1229 524 1298; x_wconf 68' lang='grc' dir='ltr'><strong><em>οὐδὲ</em></strong></span> <span class='ocrx_word' id='word_1_88' title='bbox 547 1228 566 1298; x_wconf 92' lang='lat'><em>6</em></span> <span class='ocrx_word' id='word_1_89' title='bbox 585 1235 751 1297; x_wconf 86' lang='lat' dir='ltr'><em>ABI&#39;AA</em></span> <span class='ocrx_word' id='word_1_90' title='bbox 772 1231 883 1308; x_wconf 91' lang='grc' dir='ltr'><strong><em>κῶνος</em></strong></span> <span class='ocrx_word' id='word_1_91' title='bbox 903 1225 989 1316; x_wconf 80' lang='grc' dir='ltr'><strong><em>πρὸς</em></strong></span> <span class='ocrx_word' id='word_1_92' title='bbox 1008 1225 1115 1314; x_wconf 79' lang='grc' dir='ltr'><strong><em>μεῖζόν</em></strong></span> 
     </span>
     <span class='ocr_line' id='line_1_12' title="bbox 100 1333 1115 1424; baseline 0 -23"><span class='ocrx_word' id='word_1_93' title='bbox 100 1359 132 1401; x_wconf 83' lang='grc' dir='ltr'><strong><em>τι</em></strong></span> <span class='ocrx_word' id='word_1_94' title='bbox 150 1338 212 1402; x_wconf 82' lang='grc' dir='ltr'><strong><em>τού</em></strong></span> <span class='ocrx_word' id='word_1_95' title='bbox 225 1343 289 1402; x_wconf 91' lang='grc' dir='ltr'><strong><em>ΕΖ</em></strong></span> <span class='ocrx_word' id='word_1_96' title='bbox 295 1342 333 1402; x_wconf 89' lang='lat' dir='ltr'><em>H</em></span> <span class='ocrx_word' id='word_1_97' title='bbox 334 1342 407 1403; x_wconf 88' lang='grc' dir='ltr'><strong><em>ΘΝ</em></strong></span> <span class='ocrx_word' id='word_1_98' title='bbox 418 1335 531 1404; x_wconf 87' lang='grc' dir='ltr'><strong><em>κῶνον</em></strong></span> <span class='ocrx_word' id='word_1_99' title='bbox 546 1334 682 1423; x_wconf 83' lang='grc' dir='ltr'><strong><em>στερεὸν</em></strong></span> <span class='ocrx_word' id='word_1_100' title='bbox 696 1340 919 1424; x_wconf 76' lang='grc' dir='ltr'><strong><em>τριπλασίονα</em></strong></span> <span class='ocrx_word' id='word_1_101' title='bbox 933 1333 1040 1420; x_wconf 81' lang='grc' dir='ltr'><strong><em>λόγον</em></strong></span> <span class='ocrx_word' id='word_1_102' title='bbox 1054 1338 1115 1421; x_wconf 78' lang='grc' dir='ltr'><strong><em>ἔχει</em></strong></span> 
     </span>
     <span class='ocr_line' id='line_1_13' title="bbox 100 1436 599 1529; baseline 0.004 -22"><span class='ocrx_word' id='word_1_103' title='bbox 100 1437 183 1528; x_wconf 77' lang='grc' dir='ltr'><strong><em>ἤπερ</em></strong></span> <span class='ocrx_word' id='word_1_104' title='bbox 207 1439 228 1527; x_wconf 76' lang='grc' dir='ltr'><em>ἡ</em></span> <span class='ocrx_word' id='word_1_105' title='bbox 252 1447 316 1507; x_wconf 92' lang='grc' dir='ltr'><strong><em>ΒΔ</em></strong></span> <span class='ocrx_word' id='word_1_106' title='bbox 337 1440 422 1529; x_wconf 84' lang='grc' dir='ltr'><strong><em>πρὸς</em></strong></span> <span class='ocrx_word' id='word_1_107' title='bbox 443 1439 506 1528; x_wconf 79' lang='grc' dir='ltr'><strong><em>τὴν</em></strong></span> <span class='ocrx_word' id='word_1_108' title='bbox 530 1436 599 1510; x_wconf 81' lang='grc' dir='ltr'><strong><em>ΖΘ.</em></strong></span> 
     </span>
    </p>

    <p class='ocr_par' dir='ltr' id='par_1_5' title="bbox 100 1543 1116 1742">
     <span class='ocr_line' id='line_1_14' title="bbox 168 1543 1115 1635; baseline 0 -22"><span class='ocrx_word' id='word_1_109' title='bbox 168 1550 213 1614; x_wconf 77' lang='grc' dir='ltr'><strong><em>Εἰ</em></strong></span> <span class='ocrx_word' id='word_1_110' title='bbox 237 1549 303 1635; x_wconf 78' lang='grc' dir='ltr'><strong><em>γὰρ</em></strong></span> <span class='ocrx_word' id='word_1_111' title='bbox 332 1545 496 1632; x_wconf 84' lang='grc' dir='ltr'><strong><em>δυνατόν,</em></strong></span> <span class='ocrx_word' id='word_1_112' title='bbox 524 1549 623 1635; x_wconf 77' lang='grc' dir='ltr'><strong><em>ἐχέτω</em></strong></span> <span class='ocrx_word' id='word_1_113' title='bbox 650 1545 734 1632; x_wconf 83' lang='grc' dir='ltr'><strong><em>κρδς</em></strong></span> <span class='ocrx_word' id='word_1_114' title='bbox 761 1553 873 1634; x_wconf 74' lang='grc' dir='ltr'><strong><em>μεῖζον</em></strong></span> <span class='ocrx_word' id='word_1_115' title='bbox 896 1570 934 1614; x_wconf 81' lang='grc' dir='ltr'><strong><em>το</em></strong></span> <span class='ocrx_word' id='word_1_116' title='bbox 959 1548 996 1623; x_wconf 73' lang='grc' dir='ltr'><strong><em>Ξ.</em></strong></span> <span class='ocrx_word' id='word_1_117' title='bbox 1039 1543 1115 1614; x_wconf 80' lang='grc' dir='ltr'><strong><em>ἀνύ-</em></strong></span> 
     </span>
     <span class='ocr_line' id='line_1_15' title="bbox 100 1651 1116 1742; baseline 0 -22"><span class='ocrx_word' id='word_1_118' title='bbox 100 1660 202 1721; x_wconf 83' lang='grc' dir='ltr'><strong><em>ποιλιν</em></strong></span> <span class='ocrx_word' id='word_1_119' title='bbox 229 1651 295 1741; x_wconf 83' lang='grc' dir='ltr'><strong><em>ῶροι</em></strong></span> <span class='ocrx_word' id='word_1_120' title='bbox 323 1651 361 1722; x_wconf 83' lang='grc' dir='ltr'><strong><em>τὸ</em></strong></span> <span class='ocrx_word' id='word_1_121' title='bbox 389 1655 421 1730; x_wconf 75' lang='grc' dir='ltr'><em>Ξ</em></span> <span class='ocrx_word' id='word_1_122' title='bbox 445 1652 583 1742; x_wconf 82' lang='grc' dir='ltr'><strong><em>στερεὸν</em></strong></span> <span class='ocrx_word' id='word_1_123' title='bbox 610 1652 695 1742; x_wconf 81' lang='grc' dir='ltr'><strong><em>πρὸς</em></strong></span> <span class='ocrx_word' id='word_1_124' title='bbox 721 1652 781 1722; x_wconf 84' lang='grc' dir='ltr'><strong><em>τὸν</em></strong></span> <span class='ocrx_word' id='word_1_125' title='bbox 812 1658 980 1721; x_wconf 86' lang='grc' dir='ltr'><em>ΑΒΓΔΛ</em></span> <span class='ocrx_word' id='word_1_126' title='bbox 1006 1654 1116 1720; x_wconf 89' lang='grc' dir='ltr'><strong><em>κῶνον</em></strong></span> 
     </span>
    </p>

    <p class='ocr_par' dir='ltr' id='par_1_6' title="bbox 51 1756 1119 2271">
     <span class='ocr_line' id='line_1_16' title="bbox 51 1756 1116 1848; baseline 0.004 -27"><span class='ocrx_word' id='word_1_127' title='bbox 51 1772 83 1822; x_wconf 83' lang='lat'><strong><em>15</em></strong></span> <span class='ocrx_word' id='word_1_128' title='bbox 101 1767 320 1844; x_wconf 82' lang='grc' dir='ltr'><strong><em>τριπλασίονα</em></strong></span> <span class='ocrx_word' id='word_1_129' title='bbox 352 1759 456 1846; x_wconf 77' lang='grc' dir='ltr'><strong><em>λόγον</em></strong></span> <span class='ocrx_word' id='word_1_130' title='bbox 489 1765 555 1848; x_wconf 83' lang='grc' dir='ltr'><strong><em>ἔχει</em></strong></span> <span class='ocrx_word' id='word_1_131' title='bbox 585 1759 670 1848; x_wconf 79' lang='grc' dir='ltr'><strong><em>ἤπερ</em></strong></span> <span class='ocrx_word' id='word_1_132' title='bbox 701 1758 722 1847; x_wconf 80' lang='grc' dir='ltr'><em>ἡ</em></span> <span class='ocrx_word' id='word_1_133' title='bbox 752 1767 813 1827; x_wconf 85' lang='grc' dir='ltr'><strong><em>ΖΘ</em></strong></span> <span class='ocrx_word' id='word_1_134' title='bbox 844 1757 930 1848; x_wconf 84' lang='grc' dir='ltr'><strong><em>πρὸς</em></strong></span> <span class='ocrx_word' id='word_1_135' title='bbox 960 1756 1024 1846; x_wconf 77' lang='grc' dir='ltr'><strong><em>τὴν</em></strong></span> <span class='ocrx_word' id='word_1_136' title='bbox 1046 1765 1116 1826; x_wconf 93' lang='grc' dir='ltr'><strong><em>ΒΔ.</em></strong></span> 
     </span>
     <span class='ocr_line' id='line_1_17' title="bbox 101 1863 1117 1954; baseline -0.003 -19"><span class='ocrx_word' id='word_1_137' title='bbox 101 1864 147 1946; x_wconf 85' lang='grc' dir='ltr'><strong><em>ῶς</em></strong></span> <span class='ocrx_word' id='word_1_138' title='bbox 169 1866 207 1934; x_wconf 72' lang='grc' dir='ltr'><strong><em>δὲ</em></strong></span> <span class='ocrx_word' id='word_1_139' title='bbox 229 1863 267 1935; x_wconf 84' lang='grc' dir='ltr'><strong><em>τὸ</em></strong></span> <span class='ocrx_word' id='word_1_140' title='bbox 286 1869 316 1943; x_wconf 73' lang='grc' dir='ltr'><em>Ξ</em></span> <span class='ocrx_word' id='word_1_141' title='bbox 337 1864 473 1953; x_wconf 84' lang='grc' dir='ltr'><strong><em>στερεὸν</em></strong></span> <span class='ocrx_word' id='word_1_142' title='bbox 495 1865 579 1954; x_wconf 82' lang='grc' dir='ltr'><strong><em>πρὸς</em></strong></span> <span class='ocrx_word' id='word_1_143' title='bbox 602 1865 662 1933; x_wconf 84' lang='grc' dir='ltr'><strong><em>τὸν</em></strong></span> <span class='ocrx_word' id='word_1_144' title='bbox 681 1871 847 1933; x_wconf 92' lang='grc' dir='ltr'><em>ΑΒΓΔΛ</em></span> <span class='ocrx_word' id='word_1_145' title='bbox 865 1868 988 1948; x_wconf 90' lang='grc' dir='ltr'><strong><em>κῶνον,</em></strong></span> <span class='ocrx_word' id='word_1_146' title='bbox 1013 1864 1117 1944; x_wconf 75' lang='grc' dir='ltr'><strong><em>οὕτως</em></strong></span> 
     </span>
     <span class='ocr_line' id='line_1_18' title="bbox 101 1969 1117 2056; baseline 0.001 -18"><span class='ocrx_word' id='word_1_147' title='bbox 101 1969 119 2038; x_wconf 90' lang='lat'><em>6</em></span> <span class='ocrx_word' id='word_1_148' title='bbox 139 1979 321 2041; x_wconf 91' lang='grc' dir='ltr'><strong>ΕΖΗΘΝ</strong></span> <span class='ocrx_word' id='word_1_149' title='bbox 338 1976 447 2052; x_wconf 91' lang='grc' dir='ltr'><strong><em>κῶνος</em></strong></span> <span class='ocrx_word' id='word_1_150' title='bbox 470 1969 554 2056; x_wconf 82' lang='grc' dir='ltr'><strong><em>πρὸς</em></strong></span> <span class='ocrx_word' id='word_1_151' title='bbox 577 1971 714 2040; x_wconf 79' lang='grc' dir='ltr'><strong><em>ἔλαττόν</em></strong></span> <span class='ocrx_word' id='word_1_152' title='bbox 737 1998 770 2040; x_wconf 80' lang='grc' dir='ltr'><strong><em>τι</em></strong></span> <span class='ocrx_word' id='word_1_153' title='bbox 792 1974 854 2039; x_wconf 82' lang='grc' dir='ltr'><strong><em>τοῦ</em></strong></span> <span class='ocrx_word' id='word_1_154' title='bbox 872 1975 1039 2040; x_wconf 87' lang='grc' dir='ltr'><em>ΑΒΓΔΛ</em></span> <span class='ocrx_word' id='word_1_155' title='bbox 1057 1969 1117 2039; x_wconf 89' lang='grc' dir='ltr'><strong><em>κῶ-</em></strong></span> 
     </span>
     <span class='ocr_line' id='line_1_19' title="bbox 100 2066 1117 2167; baseline -0.001 -22"><span class='ocrx_word' id='word_1_156' title='bbox 100 2104 165 2146; x_wconf 88' lang='grc' dir='ltr'><strong><em>νον</em></strong></span> <span class='ocrx_word' id='word_1_157' title='bbox 188 2078 334 2167; x_wconf 83' lang='grc' dir='ltr'><strong><em>στερεόν.</em></strong></span> <span class='ocrx_word' id='word_1_158' title='bbox 379 2079 436 2146; x_wconf 83' lang='grc' dir='ltr'><strong><em>καὶ</em></strong></span> <span class='ocrx_word' id='word_1_159' title='bbox 458 2078 477 2147; x_wconf 93' lang='lat'><em>6</em></span> <span class='ocrx_word' id='word_1_160' title='bbox 501 2085 682 2146; x_wconf 81' lang='grc' dir='ltr'><strong>ΕΖΗΘΝ</strong></span> <span class='ocrx_word' id='word_1_161' title='bbox 700 2076 767 2166; x_wconf 79' lang='grc' dir='ltr'><strong><em>ῶροι</em></strong></span> <span class='ocrx_word' id='word_1_162' title='bbox 789 2066 898 2157; x_wconf 80' lang='grc' dir='ltr'><strong><em>κῶνος</em></strong></span> <span class='ocrx_word' id='word_1_163' title='bbox 920 2075 1005 2165; x_wconf 84' lang='grc' dir='ltr'><strong><em>πρδς</em></strong></span> <span class='ocrx_word' id='word_1_164' title='bbox 1028 2082 1117 2145; x_wconf 81' lang='grc' dir='ltr'><strong><em>ἔλαι-</em></strong></span> 
     </span>
     <span class='ocr_line' id='line_1_20' title="bbox 101 2182 1119 2271; baseline 0 -21"><span class='ocrx_word' id='word_1_165' title='bbox 101 2182 162 2250; x_wconf 84' lang='grc' dir='ltr'><strong><em>τόν</em></strong></span> <span class='ocrx_word' id='word_1_166' title='bbox 189 2210 220 2251; x_wconf 85' lang='grc' dir='ltr'><strong><em>τι</em></strong></span> <span class='ocrx_word' id='word_1_167' title='bbox 248 2188 310 2252; x_wconf 82' lang='grc' dir='ltr'><strong><em>τοῦ</em></strong></span> <span class='ocrx_word' id='word_1_168' title='bbox 334 2191 500 2253; x_wconf 90' lang='grc' dir='ltr'><em>ΑΒΓΔΛ</em></span> <span class='ocrx_word' id='word_1_169' title='bbox 527 2183 640 2253; x_wconf 86' lang='grc' dir='ltr'><strong><em>κῶνον</em></strong></span> <span class='ocrx_word' id='word_1_170' title='bbox 664 2182 801 2269; x_wconf 83' lang='grc' dir='ltr'><strong><em>στερεὸν</em></strong></span> <span class='ocrx_word' id='word_1_171' title='bbox 823 2189 1044 2271; x_wconf 81' lang='grc' dir='ltr'><strong><em>τριπλασίονα</em></strong></span> <span class='ocrx_word' id='word_1_172' title='bbox 1067 2183 1119 2251; x_wconf 83' lang='grc' dir='ltr'><strong><em>λύ-</em></strong></span> 
     </span>
    </p>

    <p class='ocr_par' dir='ltr' id='par_1_7' title="bbox 48 2288 1124 2803">
     <span class='ocr_line' id='line_1_21' title="bbox 48 2288 1119 2378; baseline 0.005 -26"><span class='ocrx_word' id='word_1_173' title='bbox 48 2304 83 2352; x_wconf 76' lang='lat'><strong><em>20</em></strong></span> <span class='ocrx_word' id='word_1_174' title='bbox 101 2315 164 2376; x_wconf 77' lang='grc' dir='ltr'><strong><em>γον</em></strong></span> <span class='ocrx_word' id='word_1_175' title='bbox 193 2296 259 2377; x_wconf 79' lang='grc' dir='ltr'><strong><em>ἔχει</em></strong></span> <span class='ocrx_word' id='word_1_176' title='bbox 286 2288 370 2378; x_wconf 79' lang='grc' dir='ltr'><strong><em>ἤπερ</em></strong></span> <span class='ocrx_word' id='word_1_177' title='bbox 398 2290 419 2377; x_wconf 82' lang='grc' dir='ltr'><em>ἡ</em></span> <span class='ocrx_word' id='word_1_178' title='bbox 448 2298 509 2358; x_wconf 91' lang='grc' dir='ltr'><strong><em>ΖΘ</em></strong></span> <span class='ocrx_word' id='word_1_179' title='bbox 536 2289 620 2376; x_wconf 82' lang='grc' dir='ltr'><strong><em>πρὸς</em></strong></span> <span class='ocrx_word' id='word_1_180' title='bbox 646 2289 709 2377; x_wconf 79' lang='grc' dir='ltr'><strong><em>τὴν</em></strong></span> <span class='ocrx_word' id='word_1_181' title='bbox 736 2297 813 2357; x_wconf 88' lang='lat' dir='ltr'><strong><em>BA·</em></strong></span> <span class='ocrx_word' id='word_1_182' title='bbox 842 2288 923 2374; x_wconf 76' lang='grc' dir='ltr'><strong><em>ὅπερ</em></strong></span> <span class='ocrx_word' id='word_1_183' title='bbox 947 2288 1119 2358; x_wconf 80' lang='grc' dir='ltr'><strong><em>ἀδύνατον</em></strong></span> 
     </span>
     <span class='ocr_line' id='line_1_22' title="bbox 103 2393 1119 2484; baseline -0.003 -20"><span class='ocrx_word' id='word_1_184' title='bbox 103 2398 249 2483; x_wconf 75' lang='grc' dir='ltr'><strong><em>ἐδείχθη.</em></strong></span> <span class='ocrx_word' id='word_1_185' title='bbox 296 2393 358 2463; x_wconf 83' lang='grc' dir='ltr'><strong><em>οὐκ</em></strong></span> <span class='ocrx_word' id='word_1_186' title='bbox 386 2395 452 2484; x_wconf 78' lang='grc' dir='ltr'><strong><em>ἄρα</em></strong></span> <span class='ocrx_word' id='word_1_187' title='bbox 480 2397 499 2464; x_wconf 92' lang='lat'><em>6</em></span> <span class='ocrx_word' id='word_1_188' title='bbox 523 2403 688 2465; x_wconf 91' lang='grc' dir='ltr'><em>ΑΒΓΔΛ</em></span> <span class='ocrx_word' id='word_1_189' title='bbox 715 2399 825 2475; x_wconf 87' lang='grc' dir='ltr'><strong><em>κῶνος</em></strong></span> <span class='ocrx_word' id='word_1_190' title='bbox 846 2395 929 2484; x_wconf 84' lang='grc' dir='ltr'><strong><em>πρὸς</em></strong></span> <span class='ocrx_word' id='word_1_191' title='bbox 952 2395 1066 2482; x_wconf 78' lang='grc' dir='ltr'><strong><em>μεῖζόν</em></strong></span> <span class='ocrx_word' id='word_1_192' title='bbox 1088 2421 1119 2462; x_wconf 83' lang='grc' dir='ltr'><strong><em>τι</em></strong></span> 
     </span>
     <span class='ocr_line' id='line_1_23' title="bbox 103 2501 1120 2590; baseline -0.001 -21"><span class='ocrx_word' id='word_1_193' title='bbox 103 2507 163 2569; x_wconf 81' lang='grc' dir='ltr'><strong><em>τοῦ</em></strong></span> <span class='ocrx_word' id='word_1_194' title='bbox 189 2509 368 2569; x_wconf 90' lang='grc' dir='ltr'><strong>ΕΖΗΘΝ</strong></span> <span class='ocrx_word' id='word_1_195' title='bbox 386 2501 498 2570; x_wconf 84' lang='grc' dir='ltr'><strong><em>κῶνον</em></strong></span> <span class='ocrx_word' id='word_1_196' title='bbox 522 2501 658 2589; x_wconf 84' lang='grc' dir='ltr'><strong><em>οτερεδν</em></strong></span> <span class='ocrx_word' id='word_1_197' title='bbox 681 2506 901 2590; x_wconf 79' lang='grc' dir='ltr'><strong><em>τριπλασίονα</em></strong></span> <span class='ocrx_word' id='word_1_198' title='bbox 924 2501 1031 2587; x_wconf 81' lang='grc' dir='ltr'><strong><em>λόγον</em></strong></span> <span class='ocrx_word' id='word_1_199' title='bbox 1053 2505 1120 2588; x_wconf 81' lang='grc' dir='ltr'><strong><em>ἔχει</em></strong></span> 
     </span>
     <span class='ocr_line' id='line_1_24' title="bbox 103 2605 1120 2696; baseline 0.001 -21"><span class='ocrx_word' id='word_1_200' title='bbox 103 2607 186 2696; x_wconf 76' lang='grc' dir='ltr'><strong><em>ἤπερ</em></strong></span> <span class='ocrx_word' id='word_1_201' title='bbox 209 2606 230 2695; x_wconf 80' lang='grc' dir='ltr'>ἡ</span> <span class='ocrx_word' id='word_1_202' title='bbox 250 2615 315 2675; x_wconf 94' lang='lat' dir='ltr'><strong><em>BA</em></strong></span> <span class='ocrx_word' id='word_1_203' title='bbox 337 2606 421 2695; x_wconf 85' lang='grc' dir='ltr'><strong><em>πρὸς</em></strong></span> <span class='ocrx_word' id='word_1_204' title='bbox 442 2607 504 2694; x_wconf 82' lang='grc' dir='ltr'><strong><em>τὴν</em></strong></span> <span class='ocrx_word' id='word_1_205' title='bbox 524 2617 593 2676; x_wconf 90' lang='grc' dir='ltr'><strong><em>ΖΘ.</em></strong></span> <span class='ocrx_word' id='word_1_206' title='bbox 630 2611 766 2696; x_wconf 73' lang='grc' dir='ltr'><strong><em>ἐδείχθη</em></strong></span> <span class='ocrx_word' id='word_1_207' title='bbox 790 2610 838 2694; x_wconf 80' lang='grc' dir='ltr'><strong><em>δέ,</em></strong></span> <span class='ocrx_word' id='word_1_208' title='bbox 863 2605 915 2676; x_wconf 83' lang='grc' dir='ltr'><strong><em>ὅτι</em></strong></span> <span class='ocrx_word' id='word_1_209' title='bbox 938 2607 1021 2677; x_wconf 69' lang='grc' dir='ltr'><strong><em>οὐδὲ</em></strong></span> <span class='ocrx_word' id='word_1_210' title='bbox 1038 2607 1120 2696; x_wconf 78' lang='grc' dir='ltr'><strong><em>πρὸς</em></strong></span> 
     </span>
     <span class='ocr_line' id='line_1_25' title="bbox 104 2712 1124 2803; baseline -0.001 -20"><span class='ocrx_word' id='word_1_211' title='bbox 104 2721 249 2783; x_wconf 79' lang='grc' dir='ltr'><strong><em>ἔλαττον.</em></strong></span> <span class='ocrx_word' id='word_1_212' title='bbox 300 2712 318 2783; x_wconf 95' lang='lat'><em>6</em></span> <span class='ocrx_word' id='word_1_213' title='bbox 342 2721 509 2783; x_wconf 92' lang='grc' dir='ltr'><em>ΑΒΓΔΛ</em></span> <span class='ocrx_word' id='word_1_214' title='bbox 532 2713 597 2803; x_wconf 76' lang='grc' dir='ltr'><strong><em>ἄρα</em></strong></span> <span class='ocrx_word' id='word_1_215' title='bbox 624 2719 733 2794; x_wconf 84' lang='grc' dir='ltr'><strong><em>κῶνος</em></strong></span> <span class='ocrx_word' id='word_1_216' title='bbox 753 2713 837 2802; x_wconf 83' lang='grc' dir='ltr'><strong><em>πρὸς</em></strong></span> <span class='ocrx_word' id='word_1_217' title='bbox 858 2712 918 2783; x_wconf 81' lang='grc' dir='ltr'><strong><em>τὸν</em></strong></span> <span class='ocrx_word' id='word_1_218' title='bbox 942 2719 1124 2782; x_wconf 90' lang='grc' dir='ltr'><strong>ΕΖΗΘΝ</strong></span> 
     </span>
    </p>

    <p class='ocr_par' dir='ltr' id='par_1_8' title="bbox 51 2818 1121 2910">
     <span class='ocr_line' id='line_1_26' title="bbox 51 2818 1121 2910; baseline 0.005 -26"><span class='ocrx_word' id='word_1_219' title='bbox 51 2834 86 2884; x_wconf 74' lang='lat'><strong><em>26</em></strong></span> <span class='ocrx_word' id='word_1_220' title='bbox 104 2825 215 2891; x_wconf 91' lang='grc' dir='ltr'><strong><em>κῶνον</em></strong></span> <span class='ocrx_word' id='word_1_221' title='bbox 233 2826 452 2910; x_wconf 81' lang='grc' dir='ltr'><strong><em>τριπλασίονα</em></strong></span> <span class='ocrx_word' id='word_1_222' title='bbox 466 2821 570 2907; x_wconf 75' lang='grc' dir='ltr'><strong><em>λόγον</em></strong></span> <span class='ocrx_word' id='word_1_223' title='bbox 585 2827 650 2908; x_wconf 77' lang='grc' dir='ltr'><strong><em>ἔχει</em></strong></span> <span class='ocrx_word' id='word_1_224' title='bbox 665 2820 748 2909; x_wconf 78' lang='grc' dir='ltr'><strong><em>ἤπερ</em></strong></span> <span class='ocrx_word' id='word_1_225' title='bbox 763 2821 784 2908; x_wconf 79' lang='grc' dir='ltr'><em>ἡ</em></span> <span class='ocrx_word' id='word_1_226' title='bbox 799 2828 863 2888; x_wconf 96' lang='lat' dir='ltr'><strong><em>BA</em></strong></span> <span class='ocrx_word' id='word_1_227' title='bbox 876 2818 960 2908; x_wconf 84' lang='grc' dir='ltr'><strong><em>πρὸς</em></strong></span> <span class='ocrx_word' id='word_1_228' title='bbox 972 2823 1036 2909; x_wconf 80' lang='grc' dir='ltr'><strong><em>τὴν</em></strong></span> <span class='ocrx_word' id='word_1_229' title='bbox 1052 2828 1121 2889; x_wconf 88' lang='grc' dir='ltr'><strong><em>ΖΘ.</em></strong></span> 
     </span>
    </p>

    <p class='ocr_par' dir='ltr' id='par_1_9' title="bbox 104 2925 1123 3236">
     <span class='ocr_line' id='line_1_27' title="bbox 166 2925 1122 3016; baseline 0.002 -22"><span class='ocrx_word' id='word_1_230' title='bbox 166 2927 225 3007; x_wconf 79' lang='grc' dir='ltr'><strong><em>Ὡς</em></strong></span> <span class='ocrx_word' id='word_1_231' title='bbox 247 2927 285 2995; x_wconf 69' lang='grc' dir='ltr'><strong><em>δὲ</em></strong></span> <span class='ocrx_word' id='word_1_232' title='bbox 308 2927 327 2996; x_wconf 91' lang='lat'><em>6</em></span> <span class='ocrx_word' id='word_1_233' title='bbox 350 2932 459 3007; x_wconf 91' lang='grc' dir='ltr'><strong><em>κῶνος</em></strong></span> <span class='ocrx_word' id='word_1_234' title='bbox 476 2927 560 3013; x_wconf 83' lang='grc' dir='ltr'><strong><em>πρὸς</em></strong></span> <span class='ocrx_word' id='word_1_235' title='bbox 577 2927 638 2996; x_wconf 86' lang='grc' dir='ltr'><strong><em>τὸν</em></strong></span> <span class='ocrx_word' id='word_1_236' title='bbox 657 2931 781 3013; x_wconf 90' lang='grc' dir='ltr'><strong><em>κῶνον,</em></strong></span> <span class='ocrx_word' id='word_1_237' title='bbox 805 2925 1020 3016; x_wconf 87' lang='grc' dir='ltr'><strong><em>ὁκύλινδρος</em></strong></span> <span class='ocrx_word' id='word_1_238' title='bbox 1039 2926 1122 3016; x_wconf 84' lang='grc' dir='ltr'><strong><em>πρὸς</em></strong></span> 
     </span>
     <span class='ocr_line' id='line_1_28' title="bbox 104 3031 1123 3122; baseline 0 -21"><span class='ocrx_word' id='word_1_239' title='bbox 104 3033 164 3103; x_wconf 82' lang='grc' dir='ltr'><strong><em>τὸν</em></strong></span> <span class='ocrx_word' id='word_1_240' title='bbox 192 3033 390 3121; x_wconf 78' lang='grc' dir='ltr'><strong><em>κύλινδρον·</em></strong></span> <span class='ocrx_word' id='word_1_241' title='bbox 417 3033 610 3122; x_wconf 79' lang='grc' dir='ltr'><strong><em>τριπλάσιος</em></strong></span> <span class='ocrx_word' id='word_1_242' title='bbox 637 3032 703 3120; x_wconf 81' lang='grc' dir='ltr'><strong><em>γὰρ</em></strong></span> <span class='ocrx_word' id='word_1_243' title='bbox 728 3031 746 3100; x_wconf 94' lang='lat'><em>6</em></span> <span class='ocrx_word' id='word_1_244' title='bbox 770 3033 950 3121; x_wconf 79' lang='grc' dir='ltr'><strong><em>κύλινδρος</em></strong></span> <span class='ocrx_word' id='word_1_245' title='bbox 973 3037 1036 3102; x_wconf 80' lang='grc' dir='ltr'><strong><em>τοῦ</em></strong></span> <span class='ocrx_word' id='word_1_246' title='bbox 1057 3033 1123 3101; x_wconf 86' lang='grc' dir='ltr'><strong><em>κῶ-</em></strong></span> 
     </span>
     <span class='ocr_line' id='line_1_29' title="bbox 105 3137 1123 3236; baseline 0 -27"><span class='ocrx_word' id='word_1_247' title='bbox 105 3167 168 3209; x_wconf 89' lang='grc' dir='ltr'><strong><em>νοο</em></strong></span> <span class='ocrx_word' id='word_1_248' title='bbox 201 3140 219 3208; x_wconf 96' lang='lat'><em>6</em></span> <span class='ocrx_word' id='word_1_249' title='bbox 249 3140 301 3208; x_wconf 80' lang='grc' dir='ltr'><strong><em>ἐπὶ</em></strong></span> <span class='ocrx_word' id='word_1_250' title='bbox 327 3144 386 3226; x_wconf 74' lang='grc' dir='ltr'><strong><em>τῆς</em></strong></span> <span class='ocrx_word' id='word_1_251' title='bbox 413 3137 516 3227; x_wconf 78' lang='grc' dir='ltr'><strong><em>αὐτῆς</em></strong></span> <span class='ocrx_word' id='word_1_252' title='bbox 542 3139 671 3227; x_wconf 80' lang='grc' dir='ltr'><strong><em>βάσεως</em></strong></span> <span class='ocrx_word' id='word_1_253' title='bbox 698 3144 742 3233; x_wconf 76' lang='grc' dir='ltr'><strong><em>τῷ</em></strong></span> <span class='ocrx_word' id='word_1_254' title='bbox 770 3139 868 3236; x_wconf 80' lang='grc' dir='ltr'><strong><em>κῶνῳ</em></strong></span> <span class='ocrx_word' id='word_1_255' title='bbox 896 3139 953 3208; x_wconf 81' lang='grc' dir='ltr'><strong><em>καὶ</em></strong></span> <span class='ocrx_word' id='word_1_256' title='bbox 977 3139 1123 3228; x_wconf 75' lang='grc' dir='ltr'><strong><em>ἰσοϋψὴς</em></strong></span> 
     </span>
    </p>
   </div>
   <div class='ocr_carea' id='block_1_3' title="bbox 105 3352 1122 3533">
    <p class='ocr_par' dir='ltr' id='par_1_10' title="bbox 105 3352 1122 3533">
     <span class='ocr_line' id='line_1_30' title="bbox 179 3352 1103 3459; baseline 0.003 -19"><span class='ocrx_word' id='word_1_257' title='bbox 179 3393 201 3443; x_wconf 92' lang='grc'><strong><em>1.</em></strong></span> <span class='ocrx_word' id='word_1_258' title='bbox 223 3382 297 3442; x_wconf 75' lang='grc' dir='ltr'><strong><em>ἐστιν</em></strong></span> <span class='ocrx_word' id='word_1_259' title='bbox 315 3389 346 3442; x_wconf 91' lang='grc' dir='ltr'><strong><em>Ρ.</em></strong></span> <span class='ocrx_word' id='word_1_260' title='bbox 424 3389 457 3459; x_wconf 88' lang='grc' dir='ltr'><strong><em>Ζ]</em></strong></span> <span class='ocrx_word' id='word_1_261' title='bbox 477 3387 529 3442; x_wconf 82' lang='lat' dir='ltr'><strong>ins.</strong></span> <span class='ocrx_word' id='word_1_262' title='bbox 548 3406 585 3445; x_wconf 88' lang='lat' dir='ltr'><strong><em>m.</em></strong></span> <span class='ocrx_word' id='word_1_263' title='bbox 606 3394 620 3442; x_wconf 85' lang='lat'>1</span> <span class='ocrx_word' id='word_1_264' title='bbox 639 3386 669 3444; x_wconf 94' lang='grc' dir='ltr'><strong><em>Ρ.</em></strong></span> <span class='ocrx_word' id='word_1_265' title='bbox 752 3352 781 3440; x_wconf 80' lang='grc' dir='ltr'><strong><em>2.Ι</em></strong></span> <span class='ocrx_word' id='word_1_266' title='bbox 796 3383 918 3442; x_wconf 73' lang='grc' dir='ltr'><strong><em>ἐλάττων</em></strong></span> <span class='ocrx_word' id='word_1_267' title='bbox 937 3387 969 3442; x_wconf 93' lang='grc' dir='ltr'><strong><em>Β.</em></strong></span> <span class='ocrx_word' id='word_1_268' title='bbox 1049 3382 1103 3443; x_wconf 79' lang='grc' dir='ltr'><strong><em>ῶπε</em></strong></span> 
     </span>
     <span class='ocr_line' id='line_1_31' title="bbox 105 3409 1122 3533; baseline 0.002 -20"><span class='ocrx_word' id='word_1_269' title='bbox 105 3453 213 3514; x_wconf 75' lang='grc' dir='ltr'><strong><em>ἄτοπον</em></strong></span> <span class='ocrx_word' id='word_1_270' title='bbox 232 3458 266 3514; x_wconf 90' lang='lat' dir='ltr'><strong><em>V.</em></strong></span> <span class='ocrx_word' id='word_1_271' title='bbox 322 3464 346 3516; x_wconf 87' lang='lat'><strong><em>3.</em></strong></span> <span class='ocrx_word' id='word_1_272' title='bbox 368 3454 447 3533; x_wconf 80' lang='grc' dir='ltr'><strong><em>βάσις</em></strong></span> <span class='ocrx_word' id='word_1_273' title='bbox 465 3456 517 3530; x_wconf 82' lang='grc' dir='ltr'><strong><em>μέν</em></strong></span> <span class='ocrx_word' id='word_1_274' title='bbox 534 3455 609 3514; x_wconf 75' lang='grc' dir='ltr'><strong><em>ἔστιν</em></strong></span> <span class='ocrx_word' id='word_1_275' title='bbox 629 3454 645 3512; x_wconf 89' lang='lat'><em>6</em></span> <span class='ocrx_word' id='word_1_276' title='bbox 663 3459 761 3514; x_wconf 78' lang='lat' dir='ltr'>Theon</span> <span class='ocrx_word' id='word_1_277' title='bbox 780 3458 888 3529; x_wconf 87' lang='lat' dir='ltr'>(BVq).</span> <span class='ocrx_word' id='word_1_278' title='bbox 944 3463 969 3515; x_wconf 87' lang='lat'><strong><em>4.</em></strong></span> <span class='ocrx_word' id='word_1_279' title='bbox 989 3409 1122 3533; x_wconf 53' lang='grc' dir='ltr'><strong><em>σημεῖονῖ</em></strong></span> 
     </span>
    </p>
   </div>
   <div class='ocr_carea' id='block_1_4' title="bbox 0 0 1185 3818">
    <p class='ocr_par' dir='ltr' id='par_1_11' title="bbox 0 0 1185 3818">
     <span class='ocr_line' id='line_1_32' title="bbox 0 0 1185 3818; baseline 0 0"><span class='ocrx_word' id='word_1_280' title='bbox 0 0 1185 3818; x_wconf 95' lang='lat' dir='ltr'><strong><em> </em></strong></span> 
     </span>
    </p>
   </div>
  </div>
 </body>
</html>
