2340 3818
97 154 162 220 258
467 157 669 210 ΣΤΟΙΧΕΙΩΝ
687 153 737 226 ιγ’.

97 298 198 382 λέγω,
227 294 279 364 ὅτι
306 294 355 364 τὸτ’
373 293 438 364 ἀπὸ
466 301 534 364 τῶν
557 304 638 383 AB,
668 303 736 366 ΒΓ
758 295 935 384 τριπλάσιά
959 299 1029 365 ἐστι
1052 299 1113 363 τοῦ

97 400 162 470 ἀπὸ
185 406 244 488 τῆς
266 407 334 471 ΓΛ.

161 507 424 596 Ἀναγεγράφθω
457 509 521 596 γὰρ
556 506 621 577 ἀπὸ
653 512 712 595 τῆς
740 515 805 576 AB
836 507 1047 596 τετράγωνον
1074 507 1112 576 τὸ

97 620 247 699 ΑΔΕΒ,
280 614 335 681 καὶ
367 613 634 701 καταγεγράφθω
667 613 705 682 τὸ
734 619 852 702 σχῆμα.
902 615 972 683 ἐπεὶ
1001 606 1065 682 οὖν
1092 611 1112 700 ἡ

61 739 77 790 ο
97 730 129 787 Λ
137 727 165 787 Β
188 718 295 807 ἄκρον
318 720 373 787 καὶ
396 721 499 806 μέσον
522 721 626 807 λόγον
650 721 804 807 τέτμηται
826 720 909 788 κατὰ
932 720 971 790 τὸ
995 727 1035 807 Γ,
1058 721 1110 787 καὶ

96 825 133 894 τὸ
158 832 270 912 μεῖζον
293 825 402 912 τμῆμά
427 828 517 894 ἐστιν
540 825 561 912 ἡ
581 832 661 912 ΛΓ,
684 824 722 894 τὸ
747 824 812 914 ἄρα
836 824 902 895 ὑπὸ
925 831 995 896 τῶν
1013 831 1113 894 ΑΒΓ

97 939 173 1000 ἴσον
197 931 265 999 ἐστὶ
288 934 332 1022 τῷ
357 929 422 998 ἀπὸ
445 934 505 1017 τῆς
523 937 596 999 ΛΓ.
637 936 697 1000 καί
717 934 786 1000 ἐστι
807 933 845 1001 τὸ
870 932 931 1019 μὲν
954 930 1021 1000 ὑπὸ
1046 937 1112 1001 τῶν

96 1036 255 1105 ΑΒΓτὸ
279 1044 364 1122 ΑΚ,
391 1036 429 1105 τὸ
459 1035 497 1105 66
520 1034 585 1105 ἀπὸ
608 1047 667 1123 τῆς
690 1044 759 1105 ΛΓ
777 1037 815 1106 τὸ
839 1030 919 1125 ΘΗ·
948 1047 1025 1106 ἴσον
1048 1036 1111 1125 ἄρα

96 1143 166 1212 ἐστὶ
188 1142 225 1211 τὸ
250 1148 322 1210 ΛΚ
341 1147 386 1236 τῷ
410 1150 504 1212 ΘΗ·
532 1143 587 1210 καὶ
616 1143 685 1211 ἐπεὶ
713 1151 788 1212 ἴσον
818 1144 886 1213 ἐστὶ
913 1143 951 1212 w*
976 1155 1008 1217 Α
1016 1151 1043 1211 Ζ
1066 1149 1111 1236 τῷ

43 1271 77 1319 10
101 1257 178 1335 ΖΕ,
210 1246 329 1317 κοινὸν
355 1255 567 1337 προσκείσθω
595 1247 632 1317 τὸ
661 1254 738 1315 ΓΚ·
772 1249 854 1318 ὅλον
882 1247 947 1337 ἄρα
975 1253 1012 1318 τὸ
1042 1257 1114 1319 ΛΚ

96 1356 162 1447 ὅλςο
190 1360 236 1447 τῷ
262 1360 326 1423 ΓΕ
352 1357 442 1424 ἐστιν
470 1363 558 1423 ἴσον·
588 1352 629 1422 τὰ
658 1352 724 1441 ἄρα
751 1360 836 1440 ΑΚ,
866 1360 931 1423 ΓΕ
955 1359 1018 1423 τοῦ
1042 1362 1112 1423 ΑΚ

95 1463 165 1529 ἐστι
188 1459 354 1529 διπλάσια.
406 1459 489 1529 ἀλλὰ
511 1459 552 1527 τὰ
576 1465 660 1544 ΛΚ,
688 1465 753 1528 ΓΕ
780 1457 797 1528 6
823 1464 943 1528 ΛΜΝ
965 1460 1112 1547 γνώμαν

95 1567 164 1634 ἐστὶ
193 1567 249 1634 καὶ
276 1564 314 1635 τὸ
338 1572 406 1635 ΓΚ
431 1566 658 1653 τετράγωνον·
686 1562 704 1633 6
734 1564 800 1652 ἄρα
823 1572 943 1634 ΛΜΝ
966 1566 1113 1652 γνώμων

94 1673 150 1740 καὶ
173 1670 211 1741 τὸ
231 1679 301 1741 ΓΚ
322 1671 531 1758 τετράγωνον
555 1670 714 1739 διπλάσιά
738 1673 807 1740 ἐστι
829 1674 891 1740 τοῦ
909 1679 990 1741 ΛΚ.
1029 1670 1114 1741 ἀλλὰ

43 1799 76 1848 15
96 1776 163 1865 μὴν
189 1777 305 1847 καὶτὸ
328 1785 400 1846 ΛΚ
421 1781 466 1871 τῷ
490 1785 563 1846 ΘΗ
586 1781 721 1864 ἐδείχθη
745 1785 836 1845 ἴσον·
865 1775 883 1846 6
907 1775 973 1865 α’ρα
996 1785 1118 1847 ΛΜΝ

95 1885 239 1972 γνώμων
272 1884 327 1952 καὶ
361 1883 411 1969 [τὸ
437 1891 505 1952 ΓΚ
529 1882 742 1971 τετράγωνον
771 1882 930 1953 διπλάσιά
959 1886 1029 1953 ἐστι
1051 1893 1112 1953 τοῦ

96 1998 178 2058 ΘΗ·
202 1989 286 2060 ὥστε
310 1989 328 2059 6
349 1997 470 2059 ΛΜΝ
488 1989 635 2078 γνώμαν
656 1991 725 2074 καὶ]
750 1991 789 2058 τὰ
809 1996 889 2076 ΓΚ,
908 1997 982 2058 ΘΗ
999 1990 1114 2079 τετρά-

94 2123 188 2182 γωνα
212 2096 388 2184 τριπλάσιά
414 2099 483 2165 ἐστι
506 2101 567 2165 τοῦ
590 2103 663 2163 ΘΗ
681 2098 899 2183 τετραγώνου.
939 2102 998 2164 καί
1020 2099 1114 2166 ἐστιν

96 2199 114 2270 ὁ
144 2202 232 2289 [μὲν]
257 2208 376 2271 ΛΜΝ
400 2202 545 2289 γνώμων
572 2202 628 2270 καὶ
655 2200 695 2269 τὰ
719 2207 799 2287 ΓΚ,
827 2208 902 2269 ΘΗ
919 2202 1114 2289 τετράγωνα

41 2329 76 2378 20
95 2306 177 2377 ὅλον
200 2307 237 2376 τὸ
262 2315 331 2375 ΛΕ
351 2308 407 2375 καὶ
430 2307 467 2376 τὸ
486 2314 568 2393 ΓΚ,
591 2305 675 2392 ἅπερ
699 2308 767 2376 ἐστὶ
790 2305 830 2376 τὰ
853 2305 919 2376 ἀπὸ
942 2313 1012 2377 τῶν
1029 2318 1114 2396 AB,

95 2419 164 2482 ΒΓ
176 2412 381 2501 τετράγωνα,
399 2412 438 2481 τὸ
459 2413 496 2481 66
509 2420 578 2480 ΗΘ
596 2413 634 2481 τὸ
654 2410 719 2481 ἀπὸ
739 2418 798 2500 τῆς
811 2424 843 2481 A
849 2414 1115 2502 Γτετροὶγωνον.

95 2518 135 2588 τὰ
158 2518 224 2606 ἄρα
248 2517 312 2586 ἀπὸ
336 2523 404 2588 τῶν
427 2526 508 2604 ΑΒ,
535 2525 606 2586 ΒΓ
627 2519 817 2606 τετράγωνα
840 2521 1019 2608 τριπλάσιά
1043 2525 1115 2592 ἐστι

96 2630 157 2694 τοῦ
180 2623 244 2693 ἀπὸ
267 2627 326 2711 τῆς
349 2631 419 2692 ΛΓ
436 2624 662 2714 τετραγώνου·
687 2623 768 2714 ὅπερ
792 2629 861 2694 ἔδει
884 2628 998 2708 δεῖξαι.

585 2829 623 2871 ε.

41 2945 76 2996 25
159 2922 248 2993 Ἐὰν
272 2922 412 2994 εὐθεῖα
434 2924 590 3015 γραμμὴ
614 2924 738 3014 ἄκρον
756 2926 821 2994 καὶ
844 2929 967 3015 μέσον
989 2926 1116 3014 λόγον

95 3035 241 3120 τμηθῇ,
264 3032 329 3099 καὶ
352 3036 555 3118 προστεθῇ
575 3028 672 3120 αὐτῇ
693 3040 758 3118 ἴση
778 3035 828 3124 τῷ
848 3038 999 3119 μείζονι
1020 3035 1115 3120 τμή-

96 3166 201 3225 ματι,
225 3135 245 3224 ἡ
271 3135 340 3223 ὅλη
364 3135 506 3206 εὐθεῖα
530 3136 653 3226 ἄκρον
676 3138 740 3205 καὶ
764 3140 886 3224 μέσον
909 3138 1030 3224 λόγον
1053 3143 1115 3208 τέ-

169 3342 191 3390 1.
212 3329 396 3400 τριπλασίονα
416 3349 441 3400 q.
533 3338 557 3388 3.
576 3334 651 3387 Ante
669 3327 753 3400 οῗναγ,
774 3333 827 3388 del.
848 3334 900 3387 καί
915 3351 950 3387 m.
972 3339 986 3386 1
1008 3334 1033 3389 b.

96 3409 121 3459 5.
145 3409 300 3474 Γοημεῖον
320 3405 352 3458 V.
462 3409 486 3458 7.
506 3399 580 3474 ἔστί]
600 3404 700 3473 (prius)
720 3401 794 3459 ἐστίν
813 3403 844 3459 P.
948 3408 974 3458 8.
993 3406 1066 3477 ΛΚ]
1088 3411 1116 3460 Κ

89 3491 158 3531 corr.
179 3492 215 3530 m.
237 3481 251 3530 1
275 3491 309 3531 ex
327 3480 349 3530 Β
368 3474 398 3529 Ρ.
485 3474 556 3548 ΑΓ]
573 3479 630 3529 ΛΚ
646 3475 672 3529 b.
763 3480 787 3529 9.
808 3473 883 3544 ΘΗ]
905 3476 929 3529 Θ
948 3491 964 3530 ε
983 3492 1054 3531 corr.
1075 3494 1114 3531 m.
