2340 3818
114 137 178 202 178
478 141 679 194 Σεοιαπιωι
697 135 747 208 ιγ’.

179 277 489 368 Συμπεπληρώσθω
512 279 577 368 γὰρ
600 279 640 347 τδι
661 286 826 366 ΒΗΜΛ,
848 285 988 348 ΕΘΠΟ
1011 297 1121 365 στερεα

111 390 430 472 παραλληλεπίπεδα.
483 387 539 454 καὶ
572 386 640 453 ἐπεὶ
673 383 773 472 ὁμοία
805 384 896 453 ἐστίν
929 382 950 472 ἡ
985 390 1124 452 ΑΒΓΗ

111 492 256 578 πυραμὶς
281 495 321 581 τῇ
350 501 486 560 ΔΕΖΘ
512 495 689 580 πυραμίδι,
717 498 773 578 ίσιγ
801 489 868 579 ἄρα
895 491 987 560 ἐστὶν
1016 489 1036 578 ἡ
1064 491 1119 578 μὲν

110 595 176 666 ὑπὸ
191 604 294 667 ΑΒΓ
307 605 413 684 γωνία
431 602 471 688 τῇ
489 597 555 667 ὑπὸ
576 604 680 666 ΔΕΖ
697 603 816 688 γωνίᾳ,
839 595 860 685 ἡ
880 597 918 666 δὲ
935 595 1003 665 ὑπὸ
1022 602 1122 665 ΗΒΓ

75 706 150 792 5τῇ
177 701 243 772 ὑπὸ
271 712 384 789 ΘΕΖ,
412 703 433 792 ἡ
461 705 499 773 δὲ
527 702 592 772 ὑπὸ
620 711 730 772 ΑΒΗ
752 709 792 794 τῇ
822 701 888 772 ὑπὸ
917 711 1038 789 ΔΕΘ,
1069 708 1120 771 καί

110 812 200 878 ἐστιν
224 808 269 888 ὡς
290 808 312 895 ἡ
335 817 397 878 ΑΒ
416 809 500 898 πρὸς
516 809 579 898 τὴν
599 819 682 896 ΔΕ,
706 809 816 891 οὕτως
835 808 856 898 ἡ
875 816 942 877 ΒΓ
959 807 1047 894 πρὸς
1063 807 1117 895 τὴν

110 923 187 1003 ΕΖ,
214 916 270 982 καλ
296 913 409 1002 ἡΒΗ
433 917 516 1002 πρὸς
544 915 607 1002 τὴν
631 923 700 983 ΕΘ.
746 915 802 983 καλ
825 917 898 983 ἐπεί
918 916 1011 983 ἐστιν
1035 911 1117 1000 ὡςὴ

109 1029 174 1089 ΑΒ
197 1020 281 1107 πρὸς
303 1020 366 1109 τὴν
390 1029 475 1108 ΛΕ,
504 1020 611 1101 οὕτως
637 1020 658 1109 ἡ
682 1028 749 1089 ΒΓ
767 1020 851 1110 πρὸς
872 1020 935 1108 τὴν
958 1026 1040 1104 ΕΖ,
1068 1019 1114 1088 τιαλ

108 1124 183 1214 περὶ
211 1136 285 1207 ίσας
312 1133 436 1213 γωνίας
459 1131 496 1195 αί
515 1129 655 1213 πλευραὶ
678 1126 849 1214 ἀνάλογόν
872 1131 974 1213 εἰσιν,
1002 1125 1114 1214 ὅμοιον

57 1252 89 1300 10
108 1233 173 1320 ἄρα
202 1233 270 1302 ἐστὶ
297 1231 334 1301 τὸ
359 1241 438 1302 ΒΜ
459 1233 807 1322 παραλληλόγραμμον
834 1237 880 1324 τῷ
905 1240 978 1301 ΕΠ
996 1239 1107 1320 παραλ

108 1338 339 1431 λιγλογροίμμρι.
391 1338 447 1408 διὰ
476 1343 516 1408 τὰ
547 1337 630 1408 αὐτὰ
661 1338 703 1428 δὴ
735 1341 791 1407 καὶ
822 1337 860 1408 τὸ
888 1338 950 1426 μὲν
978 1345 1056 1406 ΒΝ
1075 1340 1110 1429 τῷ

109 1451 172 1512 ΕΡ
199 1442 319 1531 ὅμοιόν
341 1448 425 1532 ἐστι,
454 1443 491 1513 τὸ
516 1444 554 1513 δὲ
580 1452 646 1512 ΒΚ
665 1448 712 1536 τῷ
726 1447 800 1522 ΕΞ·
827 1443 967 1532 τὰτρία
990 1441 1111 1532 ἅρατιλ

107 1557 195 1636 ΜΒ,
218 1558 301 1637 ΒΚ,
325 1558 397 1618 ΒΝ
415 1550 503 1636 τρισὶ
521 1563 592 1629 τοῖς
610 1558 693 1635 ΕΠ,
717 1553 795 1634 ΕΞ,
820 1556 884 1618 ΕΡ
899 1548 1000 1636 ὅμοιοί
1022 1552 1113 1619 ἐστιν.

106 1653 189 1724 ἀλλὰ
208 1654 249 1722 τὰ
267 1655 329 1743 μὲν
346 1661 422 1741 τρία
439 1653 480 1722 τὰ
495 1662 584 1739 ΜΒ,
603 1660 687 1738 ΒΚ,
705 1662 778 1722 ΒΝ
791 1654 879 1741 τρισὶ
892 1668 963 1736 τοῖς
976 1653 1113 1724 νἰπευαν·

54 1782 85 1829 15
104 1767 178 1830 τίον
202 1773 257 1830 ίσα
279 1787 314 1829 τε
337 1763 393 1829 καλ
416 1759 517 1847 ὅμοιοί
541 1762 641 1842 ἐστιν,
664 1758 704 1827 τὰ
723 1760 761 1828 δὲ
778 1765 854 1846 τρία
872 1759 912 1827 τὰ
932 1767 1018 1846 ΕΠ,
1041 1762 1114 1846 ΕΞ,

106 1874 170 1935 ΕΡ
187 1867 276 1954 τρισὶ
297 1880 369 1948 τοῖς
390 1865 592 1961 ἀπεναντίον
617 1874 673 1933 ίσα
694 1892 730 1933 τε
751 1866 807 1933 καὶ
826 1863 924 1953 ὅμοιοί
944 1868 1045 1935 ἐστιν.
1077 1864 1112 1934 τὰ

106 1980 268 2058 ΒΗΜΛ,
296 1979 435 2041 ΕΘΠΟ
462 1970 527 2056 ι’ίρα
555 1970 671 2058 στερεδι
698 1969 763 2039 ὑπὸ
795 1969 922 2058 ὁμοίων
951 1973 1114 2040 ἐπιπέδων

105 2088 189 2147 ίσων
206 2079 244 2146 τὸ
264 2083 393 2165 πλῆθος
410 2079 603 2166 περιέχεται.
627 2075 746 2164 ὅμοιον
765 2075 831 2162 ἄρα
845 2077 914 2145 ἐστὶ
927 2076 965 2145 τὸ
981 2085 1115 2147 ΒΗΜΛ

104 2183 239 2272 στερεὸν
261 2189 307 2276 τῷ
327 2191 464 2252 ΕΘΠΟ
487 2194 617 2275 στερεῷ.
653 2183 694 2251 τὰ
718 2183 756 2251 δὲ
779 2183 878 2269 ὅμοια
901 2184 1019 2268 στερεὰ
1037 2210 1114 2273 παρ-

51 2309 84 2357 20
105 2294 346 2375 αλληλεπίπεδα
370 2293 406 2358 ἐν
429 2297 639 2375 τριπλασίονι
657 2289 746 2381 λόγῳ
766 2290 835 2357 ἐστὶ
852 2294 921 2358 τῶν
940 2289 1115 2377 ὁμολόγων

102 2400 263 2482 πλευρῶν.
314 2394 351 2462 τὸ
375 2400 523 2462 ΒΗΜΛ
550 2394 616 2482 ἄρα
643 2393 779 2481 στερεὸν
805 2393 889 2482 πρὸς
917 2394 954 2463 τὸ
979 2401 1116 2464 ΕΘΠΟ

103 2500 238 2586 στερεὸν
274 2505 492 2586 τριπλασίονα
528 2499 631 2586 λόγου
668 2503 734 2586 ἔχει
771 2498 854 2587 ἥπερ
892 2500 913 2586 ἡ
952 2498 1116 2588 ὁμόλογος

101 2606 226 2694 πλευρδι
255 2606 276 2693 ἡ
300 2613 368 2674 ΒΓ-
389 2605 471 2694 πρὸς
498 2603 562 2692 τὴν
589 2605 756 2693 ὁμόλογον
785 2605 934 2693 πλευρὰν
957 2607 1021 2694 τὴν
1046 2616 1115 2677 ΕΖ.

103 2711 148 2791 ὡς
174 2712 212 2780 δὲ
239 2711 276 2779 τὸ
301 2719 448 2780 ΒΗΜΛ
476 2710 612 2795 στερεὸν
639 2710 722 2796 πρὸς
743 2710 781 2779 τὸ
806 2718 943 2778 ΕΘΠΟ
967 2715 1116 2802 στερεόν,

48 2838 81 2885 νο
103 2816 209 2896 οὕτως
230 2817 252 2904 ἡ
272 2823 412 2885 ΑΒΓΗ
431 2818 577 2903 πυραμὶς
598 2816 681 2902 πρὸς
699 2816 761 2903 τὴν
782 2825 915 2884 ΔΕΖΘ
932 2825 1115 2907 πυραμίδα,

102 2922 276 3010 ἐπειδήπερ
309 2921 330 3010 ἡ
361 2923 506 3010 πυραμίς
537 2923 633 2989 ἕκτον
662 2924 762 3009 μέρος
790 2923 858 2990 ἐστὶ
886 2927 947 2991 τοῦ
978 2930 1116 3014 στερεοῦ

101 3029 157 3097 διὰ
186 3028 223 3096 τὸ
250 3029 304 3096 καὶ
331 3027 369 3097 τὸ
396 3033 523 3115 πρίσμα
550 3028 654 3115 ἥμισυ
682 3025 723 3096 δν
745 3033 806 3097 τοῦ
830 3035 966 3114 στερεοῦ
990 3041 1115 3121 παραλ-

100 3137 321 3221 ληλεπιπέδου
347 3135 545 3224 τριπλάσιον
573 3133 660 3203 εἶναι
686 3139 746 3222 τῆς
771 3139 966 3223 πυραμίδος.
1013 3135 1115 3225 καὶὴ

170 3390 194 3437 2.
214 3378 244 3454 ἡ]
265 3383 307 3438 bis
326 3383 357 3453 P,
376 3401 445 3440 corr.
465 3402 501 3438 m.
523 3389 546 3437 1.
612 3389 635 3439 ὅ.
657 3383 875 3453 ΘΕΖ]εοοω·.
894 3384 926 3437 V.
993 3389 1019 3441 9.
1042 3382 1116 3442 ἐστιν

94 3472 119 3521 q,
200 3460 243 3508 10,
264 3451 567 3526 παραλληλόγραμμον]
586 3454 684 3524 (μείου)
702 3471 755 3510 om.
776 3453 809 3511 V.
883 3461 924 3510 13.
946 3449 1005 3510 ἔστι
1026 3456 1063 3514 V.
