2340 3818
112 136 176 200 398
503 138 684 190 APPENDIX
702 138 738 188 H.

111 283 150 365 τῇ
179 281 292 353 ΜΝΞ
297 285 325 344 Ο
351 281 514 363 πυραμίδι
542 282 709 363 πρίσματα
742 278 876 363 μείζονά
908 279 978 344 ἐστι
1010 279 1070 345 τοῦ
1096 283 1126 342 Ω

112 386 258 468 στερεοῦ.
319 381 495 470 διῃρήσθω
532 379 553 468 ἡ
588 387 724 449 ΑΒΓΔ
754 382 900 470 πυραμὶς
931 381 1058 469 ὁμοίως
1088 386 1125 471 τῇ

112 491 258 564 ΜΝΞΟ
280 490 451 573 πυραμίδι.
502 487 557 554 καὶ
585 488 658 554 ἐπεί
681 489 771 555 ἐστιν
795 485 842 566 ὡς
863 483 884 571 ἡ
909 493 1015 554 ΑΒΓ
1033 486 1127 572 βάσις

111 595 194 681 πρὸς
217 593 278 681 τὴν
302 595 414 669 ΜΝΞ
434 590 550 678 βάσιν,
581 590 687 673 οὕτως
714 592 754 660 τά
778 595 815 661 ἐν
837 597 878 679 τῇ
902 597 1068 681 πυραμίδι
1089 620 1126 681 τη

112 707 245 768 ΑΒΓΔ
267 705 434 786 πρίσματα
457 696 565 765 πάντα
583 696 668 784 πρὸς
686 695 726 765 τά
745 700 782 766 ἐν
800 700 840 785 τῇ
860 700 1008 774 ΜΝΞΟ
1026 721 1126 783 πυρα-

111 809 183 891 μίδι
215 810 381 890 πρίσματα
414 802 522 871 πάντα
556 806 740 889 ἰσοπληθῆ,
775 800 820 880 ὡς
850 801 917 890 άρα
945 800 967 889 ἡ
994 809 1126 871 ΑΒΓΔ

111 910 255 998 πυραμὶς
277 909 359 996 πρὸς
383 907 419 975 τὸ
444 916 477 975 Ω
500 909 647 997 στερεόν,
679 907 784 988 οὕτως
805 909 845 977 τά
870 911 906 976 ἐν
930 914 970 999 τῇ
994 916 1126 978 ΑΒΓΔ

111 1020 272 1102 πυραμίδι
291 1020 457 1099 πρίσματα
476 1014 585 1083 πάντα
603 1013 686 1103 πρὸς
699 1014 738 1082 τά
754 1017 791 1084 ἐν
807 1025 847 1103 τῇ
862 1022 947 1083 ΜΝ
947 1019 1015 1108 ΞΟΙ
1026 1039 1125 1104 πυρα·

111 1126 182 1209 μίδι
210 1126 376 1207 πρίσματα
405 1121 515 1189 πάντα
544 1126 723 1208 ίσοπληθῆ.
774 1120 916 1202 ἐναλλάξ
944 1121 1011 1210 ἄρα
1036 1123 1124 1191 ἐστὶν

111 1225 155 1307 ὡς
188 1225 208 1313 ἡ
238 1232 375 1293 ΑΒΓΔ
406 1228 551 1314 πυραμὶς
582 1226 666 1312 πρὸς
697 1226 738 1294 τὰ
770 1229 808 1295 ἐν
840 1226 924 1317 αὐτῇ
958 1235 1124 1316 πρίσματα

110 1333 233 1417 πάντα,
263 1331 368 1412 οὕτως
396 1332 432 1400 τὸ
457 1341 490 1400 Ω
517 1331 654 1419 στερεὸν
680 1332 762 1422 πρὸς
793 1333 834 1402 τά
856 1337 893 1402 ἐν
915 1339 957 1423 τῇ
979 1339 1127 1414 ΜΝΞΟ

111 1444 272 1524 πυραμίδι
304 1445 471 1526 πρίσματα
503 1439 612 1508 πάντα
645 1445 822 1527 ἰσοπληθῆ.
878 1447 999 1528 μείζων
1039 1443 1078 1511 δὲ
1106 1440 1126 1528 ἡ

110 1551 243 1611 ΑΒΓΔ
274 1547 418 1632 πυραμὶς
450 1551 517 1613 τῶν
554 1548 591 1614 ἐν
629 1543 713 1634 αὐτῇ
750 1546 947 1634 πρισμάτων
978 1538 1126 1616 πάντων.

110 1658 222 1737 μεῖζον
244 1649 309 1737 άρα
331 1652 387 1718 καὶ
410 1650 448 1720 τὸ
468 1659 501 1718 Ω
524 1651 661 1737 στερεὸν
684 1657 753 1720 τῶν
777 1654 813 1720 ἐν
835 1655 875 1741 τῇ
894 1659 979 1721 ΜΝ
979 1657 1046 1730 ΞΟ
1068 1679 1126 1722 πυ-

110 1762 225 1844 ραμίδι
253 1758 446 1846 πρισμάτων
473 1757 619 1826 πάντων.
669 1755 752 1825 om&
781 1758 837 1825 καὶ
865 1763 1017 1826 ἔλαττον·
1047 1757 1126 1846 ὅπερ

109 1862 288 1931 άδύυατον.
326 1862 388 1931 οὐκ
411 1863 476 1952 άρα
501 1865 590 1932 ἐστὶν
614 1861 659 1943 ὡς
681 1862 701 1950 ἡ
722 1870 825 1931 ΑΒΓ
842 1865 940 1950 βάσις
962 1864 1051 1950 πρὸς
1068 1863 1128 1951 τὴν

110 1974 223 2046 ΜΝΞ
243 1969 359 2056 βάσιν,
385 1969 489 2049 οὕτως
512 1968 532 2057 ἡ
556 1976 691 2038 ΑΒΓΔ
713 1971 858 2059 πυραμὶς
880 1969 973 2057 πρὸς·
987 1970 1127 2040 ἔλαττόν

108 2103 140 2143 τι
164 2089 222 2163 τῆς
245 2079 391 2152 ΜΝΞΟ
414 2081 601 2161 πυραμίδος
624 2075 769 2163 στερεόν.

176 2183 259 2267 λέγω
285 2183 341 2268 δή,
373 2182 425 2249 ὅτι
448 2180 530 2249 οὐδὲ
552 2180 635 2269 πρὸς
658 2188 778 2267 μεῖζον.
824 2187 855 2250 εί
876 2183 941 2271 γάρ
966 2184 1128 2269 δυνατόν,

110 2290 192 2352 ἔστω
220 2285 304 2371 πρὸς
331 2286 368 2354 τδ
394 2294 435 2354 Ω.
485 2284 653 2355 ἀνάπαλιν
681 2286 748 2373 άρα
776 2289 866 2355 ἐστὶν
895 2286 940 2368 ὡς
968 2286 988 2374 ἡ
1015 2292 1132 2367 ΜΝΞ

109 2390 204 2475 βάσις
223 2390 304 2477 πρὸς
322 2392 384 2479 τὴν
403 2400 506 2461 ΑΒΓ
520 2393 632 2479 βάσιν,
652 2393 759 2472 οὕτως
776 2392 813 2461 τὸ
833 2401 866 2460 Ω
885 2393 1024 2481 στερεὸν
1044 2396 1130 2484 πρὸς

109 2495 171 2582 τὴν
189 2502 322 2562 ΑΒΓΔ
344 2503 524 2584 πυραμίδα.
556 2497 600 2579 ιδς
624 2499 662 2567 δὲ
683 2498 720 2568 τὸ
740 2505 774 2565 Ω
797 2499 935 2587 στερεὸν
959 2501 1048 2588 πρὸς
1065 2502 1129 2590 τὴν

110 2608 243 2670 ΑΒΓΔ
257 2608 438 2691 πυραμίδα,
459 2606 564 2685 οὕτως
578 2603 598 2691 ἡ
613 2612 697 2673 ΜΝ
697 2609 760 2682 ΞΟ
777 2606 922 2694 πυραμίς
935 2604 1022 2694 πρὸς
1037 2614 1130 2677 ἔλατ-

109 2708 169 2776 τόν
200 2736 230 2777 τι
261 2721 320 2796 τῆς
351 2717 485 2778 ΑΒΓΔ
511 2716 699 2799 πυραμίδος
731 2712 875 2800 στερεόν.
927 2710 973 2792 ὡς
1006 2713 1075 2802 άρα
1109 2712 1130 2800 ἡ

110 2819 222 2892 ΜΝΞ
242 2818 338 2901 βάσις
360 2815 444 2905 πρὸς
465 2816 527 2904 τὴν
542 2823 646 2885 ΑΒΓ
663 2819 779 2904 βάσιν,
804 2819 911 2900 οὕτως
934 2817 955 2906 ἡ
975 2823 1129 2896 ΜΝΞΟ

109 2922 253 3007 πυραμὶς
275 2923 361 3010 πρὸς
388 2922 525 2991 ἔλαττόν
548 2950 579 2990 τι
602 2915 660 3011 τῆς
682 2930 818 2992 ΑΒΓΔ
840 2929 1032 3013 πυραμίδος
1056 2945 1127 2994 στε-

110 3026 203 3112 ρεόν·
228 3029 308 3115 ὅπερ
332 3027 503 3097 άδύνατον
527 3031 700 3099 δέδεικται.
747 3029 807 3098 οὐκ
830 3029 896 3113 άρα
919 3031 1012 3098 ἐστίν
1036 3029 1127 3117 ὡςὴ

110 3141 212 3201 ΑΒΓ
230 3138 326 3221 βάσις
348 3135 430 3224 πρὸς
457 3135 519 3223 τὴν
541 3139 655 3214 ΜΝΞ
675 3137 787 3222 βάσιν,
816 3138 922 3216 οὕτως
946 3135 966 3223 ἡ
990 3143 1127 3206 ΑΒΓΔ

108 3243 252 3328 πυραμὶς
279 3242 362 3330 πρὸς
389 3242 501 3328 μεῖζόν
531 3269 562 3310 τι
590 3247 648 3329 τῆς
671 3246 817 3320 ΜΝΞΟ
842 3246 1032 3330 πυραμίδος
1055 3263 1126 3311 στε-

110 3347 195 3436 ρεόν.
234 3350 369 3433 ἐδείχθη
394 3349 447 3433 δέ,
472 3347 522 3415 ὅτι
547 3346 628 3416 οὐδὲ
649 3347 732 3435 πρὸς
756 3355 900 3417 ἔλαττον.
943 3354 1034 3416 ἔστιν
1057 3346 1123 3435 άρα

102 3451 150 3534 τίς
177 3451 198 3542 ἡ
226 3459 332 3522 ΑΒΓ
353 3454 452 3543 βάσις
479 3453 562 3546 πρὸς
588 3453 649 3541 τὴν
681 3458 791 3530 ΜΝΞ
816 3455 936 3541 βάσιν,
967 3455 1073 3535 οὕτως
1101 3482 1121 3540 η
