<?xml version="1.0" encoding="UTF-8"?>
<!DOCTYPE html PUBLIC "-//W3C//DTD XHTML 1.0 Transitional//EN"
    "http://www.w3.org/TR/xhtml1/DTD/xhtml1-transitional.dtd">
<html xmlns="http://www.w3.org/1999/xhtml" xml:lang="en" lang="en">
 <head>
  <title>
</title>
<meta http-equiv="Content-Type" content="text/html;charset=utf-8" />
  <meta name='ocr-system' content='tesseract 3.04.00' />
  <meta name='ocr-capabilities' content='ocr_page ocr_carea ocr_par ocr_line ocrx_word'/>
</head>
<body>
  <div class='ocr_page' id='page_1' title='image "./euclidisoperaom04unkngoog_0422.png"; bbox 0 0 2340 3818; ppageno 0'>
   <div class='ocr_carea' id='block_1_1' title="bbox 463 153 1086 218">
    <p class='ocr_par' dir='ltr' id='par_1_1' title="bbox 463 153 1086 218">
     <span class='ocr_line' id='line_1_1' title="bbox 463 153 1086 218; baseline -0.005 -9"><span class='ocrx_word' id='word_1_1' title='bbox 463 159 643 210; x_wconf 81' lang='lat' dir='ltr'>APPENDIX</span> <span class='ocrx_word' id='word_1_2' title='bbox 661 158 696 209; x_wconf 86' lang='lat'><em>11.</em></span> <span class='ocrx_word' id='word_1_3' title='bbox 1022 153 1086 218; x_wconf 79' lang='grc'><em>389</em></span> 
     </span>
    </p>
   </div>
   <div class='ocr_carea' id='block_1_2' title="bbox 72 297 1118 3154">
    <p class='ocr_par' dir='ltr' id='par_1_2' title="bbox 72 297 1118 3154">
     <span class='ocr_line' id='line_1_2' title="bbox 74 297 1088 389; baseline -0.006 -21"><span class='ocrx_word' id='word_1_4' title='bbox 74 312 128 388; x_wconf 99' lang='grc' dir='ltr'><em>ἴση</em></span> <span class='ocrx_word' id='word_1_5' title='bbox 153 302 244 370; x_wconf 79' lang='grc' dir='ltr'><em>ἐστὶν</em></span> <span class='ocrx_word' id='word_1_6' title='bbox 267 298 288 387; x_wconf 80' lang='grc' dir='ltr'><em>ἡ</em></span> <span class='ocrx_word' id='word_1_7' title='bbox 308 307 372 368; x_wconf 82' lang='grc' dir='ltr'><em>ΓΕ</em></span> <span class='ocrx_word' id='word_1_8' title='bbox 393 302 432 389; x_wconf 79' lang='grc' dir='ltr'><em>τῇ</em></span> <span class='ocrx_word' id='word_1_9' title='bbox 453 307 532 383; x_wconf 87' lang='grc' dir='ltr'><em>ΛΑ,</em></span> <span class='ocrx_word' id='word_1_10' title='bbox 555 304 613 366; x_wconf 83' lang='grc' dir='ltr'><em>καί</em></span> <span class='ocrx_word' id='word_1_11' title='bbox 630 299 698 366; x_wconf 78' lang='grc' dir='ltr'><em>ἐστι</em></span> <span class='ocrx_word' id='word_1_12' title='bbox 716 299 776 384; x_wconf 81' lang='grc' dir='ltr'><em>της</em></span> <span class='ocrx_word' id='word_1_13' title='bbox 793 297 854 385; x_wconf 68' lang='grc' dir='ltr'><em>μὲν</em></span> <span class='ocrx_word' id='word_1_14' title='bbox 874 304 938 365; x_wconf 83' lang='grc' dir='ltr'><em>ΓΕ</em></span> <span class='ocrx_word' id='word_1_15' title='bbox 954 299 1088 386; x_wconf 78' lang='grc' dir='ltr'><em>ἡμίσεια</em></span> 
     </span>
     <span class='ocr_line' id='line_1_3' title="bbox 72 402 1089 494; baseline -0.004 -19"><span class='ocrx_word' id='word_1_16' title='bbox 72 406 92 494; x_wconf 80' lang='grc' dir='ltr'>ἡ</span> <span class='ocrx_word' id='word_1_17' title='bbox 121 414 203 493; x_wconf 88' lang='grc' dir='ltr'><em>ΓΝ,</em></span> <span class='ocrx_word' id='word_1_18' title='bbox 232 411 289 494; x_wconf 79' lang='grc' dir='ltr'><em>τῆς</em></span> <span class='ocrx_word' id='word_1_19' title='bbox 317 407 354 474; x_wconf 75' lang='grc' dir='ltr'><em>δὲ</em></span> <span class='ocrx_word' id='word_1_20' title='bbox 378 414 444 473; x_wconf 88' lang='grc' dir='ltr'><em>ΔΑ</em></span> <span class='ocrx_word' id='word_1_21' title='bbox 470 404 604 493; x_wconf 81' lang='grc' dir='ltr'><em>ἡμίσεια</em></span> <span class='ocrx_word' id='word_1_22' title='bbox 632 403 652 491; x_wconf 83' lang='grc' dir='ltr'><em>ἡ</em></span> <span class='ocrx_word' id='word_1_23' title='bbox 677 412 756 492; x_wconf 88' lang='lat' dir='ltr'><em>AA,</em></span> <span class='ocrx_word' id='word_1_24' title='bbox 785 414 840 491; x_wconf 90' lang='grc' dir='ltr'><em>ἴση</em></span> <span class='ocrx_word' id='word_1_25' title='bbox 864 403 930 490; x_wconf 76' lang='grc' dir='ltr'><em>ἄρα</em></span> <span class='ocrx_word' id='word_1_26' title='bbox 953 405 1044 474; x_wconf 80' lang='grc' dir='ltr'><em>ἐστὶν</em></span> <span class='ocrx_word' id='word_1_27' title='bbox 1068 402 1089 490; x_wconf 78' lang='grc' dir='ltr'><em>ἡ</em></span> 
     </span>
     <span class='ocr_line' id='line_1_4' title="bbox 72 510 1089 602; baseline -0.002 -20"><span class='ocrx_word' id='word_1_28' title='bbox 72 521 145 582; x_wconf 93' lang='grc' dir='ltr'><em>ΓΝ</em></span> <span class='ocrx_word' id='word_1_29' title='bbox 164 518 203 602; x_wconf 77' lang='grc' dir='ltr'><em>τῇ</em></span> <span class='ocrx_word' id='word_1_30' title='bbox 227 521 304 580; x_wconf 86' lang='grc' dir='ltr'><em>ΛΑ·</em></span> <span class='ocrx_word' id='word_1_31' title='bbox 328 519 397 581; x_wconf 80' lang='grc' dir='ltr'><em>ἔστι</em></span> <span class='ocrx_word' id='word_1_32' title='bbox 421 512 457 580; x_wconf 72' lang='grc' dir='ltr'><em>δὲ</em></span> <span class='ocrx_word' id='word_1_33' title='bbox 480 512 535 580; x_wconf 80' lang='grc' dir='ltr'><em>καὶ</em></span> <span class='ocrx_word' id='word_1_34' title='bbox 559 510 580 599; x_wconf 83' lang='grc' dir='ltr'><em>ἡ</em></span> <span class='ocrx_word' id='word_1_35' title='bbox 604 520 680 580; x_wconf 90' lang='grc' dir='ltr'><em>ΣΝ</em></span> <span class='ocrx_word' id='word_1_36' title='bbox 698 523 738 600; x_wconf 80' lang='grc' dir='ltr'><em>τῇ</em></span> <span class='ocrx_word' id='word_1_37' title='bbox 763 519 831 579; x_wconf 90' lang='grc' dir='ltr'><em>ΣΛ</em></span> <span class='ocrx_word' id='word_1_38' title='bbox 855 520 919 597; x_wconf 88' lang='grc' dir='ltr'><em>ἴση.</em></span> <span class='ocrx_word' id='word_1_39' title='bbox 957 513 1021 580; x_wconf 74' lang='grc' dir='ltr'><em>δύο</em></span> <span class='ocrx_word' id='word_1_40' title='bbox 1047 514 1089 599; x_wconf 76' lang='grc' dir='ltr'><em>δὴ</em></span> 
     </span>
     <span class='ocr_line' id='line_1_5' title="bbox 74 601 1089 706; baseline -0.002 -18"><span class='ocrx_word' id='word_1_41' title='bbox 74 624 111 687; x_wconf 85' lang='grc' dir='ltr'><em>αί</em></span> <span class='ocrx_word' id='word_1_42' title='bbox 132 627 215 706; x_wconf 92' lang='grc' dir='ltr'><em>ΓΝ,</em></span> <span class='ocrx_word' id='word_1_43' title='bbox 234 626 308 686; x_wconf 90' lang='grc' dir='ltr'><em>ΝΣ</em></span> <span class='ocrx_word' id='word_1_44' title='bbox 329 622 406 686; x_wconf 77' lang='grc' dir='ltr'><em>δυσὶ</em></span> <span class='ocrx_word' id='word_1_45' title='bbox 428 632 500 698; x_wconf 83' lang='grc' dir='ltr'><em>ταῖς</em></span> <span class='ocrx_word' id='word_1_46' title='bbox 519 625 597 703; x_wconf 90' lang='grc' dir='ltr'><em>ΛΑ,</em></span> <span class='ocrx_word' id='word_1_47' title='bbox 617 624 689 684; x_wconf 90' lang='grc' dir='ltr'><em>ΛΣ</em></span> <span class='ocrx_word' id='word_1_48' title='bbox 710 625 780 686; x_wconf 89' lang='grc' dir='ltr'><em>ἴσαι</em></span> <span class='ocrx_word' id='word_1_49' title='bbox 803 621 880 686; x_wconf 85' lang='grc' dir='ltr'><em>είσί·</em></span> <span class='ocrx_word' id='word_1_50' title='bbox 904 601 960 684; x_wconf 83' lang='grc' dir='ltr'><em>καὶ</em></span> <span class='ocrx_word' id='word_1_51' title='bbox 982 624 1089 704; x_wconf 81' lang='grc' dir='ltr'><em>γωνία</em></span> 
     </span>
     <span class='ocr_line' id='line_1_6' title="bbox 73 723 1089 816; baseline -0.002 -23"><span class='ocrx_word' id='word_1_52' title='bbox 73 725 94 813; x_wconf 81' lang='grc' dir='ltr'>ἡ</span> <span class='ocrx_word' id='word_1_53' title='bbox 122 724 188 795; x_wconf 87' lang='grc' dir='ltr'><em>ὐπὸ</em></span> <span class='ocrx_word' id='word_1_54' title='bbox 213 731 322 793; x_wconf 93' lang='grc' dir='ltr'><em>ΓΝΣ</em></span> <span class='ocrx_word' id='word_1_55' title='bbox 342 732 449 816; x_wconf 80' lang='grc' dir='ltr'><em>γωνίᾳ</em></span> <span class='ocrx_word' id='word_1_56' title='bbox 471 729 510 814; x_wconf 78' lang='lat' dir='ltr'><em>v}</em></span> <span class='ocrx_word' id='word_1_57' title='bbox 533 724 600 793; x_wconf 85' lang='grc' dir='ltr'><em>ὑπὸ</em></span> <span class='ocrx_word' id='word_1_58' title='bbox 625 731 732 792; x_wconf 83' lang='grc' dir='ltr'><em>ΣΛΑ</em></span> <span class='ocrx_word' id='word_1_59' title='bbox 755 733 823 810; x_wconf 88' lang='grc' dir='ltr'><em>ἴση·</em></span> <span class='ocrx_word' id='word_1_60' title='bbox 851 723 949 810; x_wconf 78' lang='grc' dir='ltr'><em>βάσις</em></span> <span class='ocrx_word' id='word_1_61' title='bbox 977 723 1089 811; x_wconf 80' lang='grc' dir='ltr'><em>ὐραὴ</em></span> 
     </span>
     <span class='ocr_line' id='line_1_7' title="bbox 74 831 1089 924; baseline -0.002 -24"><span class='ocrx_word' id='word_1_62' title='bbox 74 839 141 900; x_wconf 90' lang='grc' dir='ltr'><em>ΓΣ</em></span> <span class='ocrx_word' id='word_1_63' title='bbox 170 833 267 919; x_wconf 82' lang='grc' dir='ltr'><em>βάσει</em></span> <span class='ocrx_word' id='word_1_64' title='bbox 296 838 336 922; x_wconf 80' lang='grc' dir='ltr'><em>τῇ</em></span> <span class='ocrx_word' id='word_1_65' title='bbox 365 841 434 900; x_wconf 84' lang='grc' dir='ltr'><em>ΣΑ</em></span> <span class='ocrx_word' id='word_1_66' title='bbox 465 841 536 917; x_wconf 87' lang='grc' dir='ltr'><em>ἴση,</em></span> <span class='ocrx_word' id='word_1_67' title='bbox 567 831 624 898; x_wconf 84' lang='grc' dir='ltr'><em>καὶ</em></span> <span class='ocrx_word' id='word_1_68' title='bbox 651 831 688 899; x_wconf 85' lang='grc' dir='ltr'><em>τὸ</em></span> <span class='ocrx_word' id='word_1_69' title='bbox 717 836 825 898; x_wconf 88' lang='grc' dir='ltr'><em>ΓΝΣ</em></span> <span class='ocrx_word' id='word_1_70' title='bbox 850 836 1016 919; x_wconf 82' lang='grc' dir='ltr'><em>τρίγωνον</em></span> <span class='ocrx_word' id='word_1_71' title='bbox 1043 833 1089 924; x_wconf 78' lang='grc' dir='ltr'><em>τῷ</em></span> 
     </span>
     <span class='ocr_line' id='line_1_8' title="bbox 75 937 1090 1028; baseline -0.005 -21"><span class='ocrx_word' id='word_1_72' title='bbox 75 946 181 1007; x_wconf 83' lang='grc' dir='ltr'><em>ΑΛΣ</em></span> <span class='ocrx_word' id='word_1_73' title='bbox 201 939 352 1028; x_wconf 80' lang='grc' dir='ltr'><em>τριγώνῳ</em></span> <span class='ocrx_word' id='word_1_74' title='bbox 377 947 453 1006; x_wconf 86' lang='grc' dir='ltr'><em>ἴσον</em></span> <span class='ocrx_word' id='word_1_75' title='bbox 477 943 582 1024; x_wconf 81' lang='grc' dir='ltr'><em>ἔσται,</em></span> <span class='ocrx_word' id='word_1_76' title='bbox 605 938 661 1005; x_wconf 82' lang='grc' dir='ltr'><em>καὶ</em></span> <span class='ocrx_word' id='word_1_77' title='bbox 685 941 722 1005; x_wconf 86' lang='grc' dir='ltr'><em>αἴ</em></span> <span class='ocrx_word' id='word_1_78' title='bbox 737 937 851 1005; x_wconf 75' lang='grc' dir='ltr'><em>λοιπαὶ</em></span> <span class='ocrx_word' id='word_1_79' title='bbox 874 941 995 1022; x_wconf 85' lang='grc' dir='ltr'><em>γωνίαι</em></span> <span class='ocrx_word' id='word_1_80' title='bbox 1018 950 1090 1016; x_wconf 88' lang='grc' dir='ltr'><em>ταῖς</em></span> 
     </span>
     <span class='ocr_line' id='line_1_9' title="bbox 73 1041 1091 1131; baseline -0.004 -18"><span class='ocrx_word' id='word_1_81' title='bbox 73 1054 205 1125; x_wconf 78' lang='grc' dir='ltr'><em>λοιπαῖς</em></span> <span class='ocrx_word' id='word_1_82' title='bbox 227 1050 365 1131; x_wconf 81' lang='grc' dir='ltr'><em>γωνίαις</em></span> <span class='ocrx_word' id='word_1_83' title='bbox 389 1053 459 1111; x_wconf 91' lang='grc' dir='ltr'><em>ἴσαι</em></span> <span class='ocrx_word' id='word_1_84' title='bbox 482 1049 630 1128; x_wconf 83' lang='grc' dir='ltr'><em>ἔσονται,</em></span> <span class='ocrx_word' id='word_1_85' title='bbox 653 1042 714 1131; x_wconf 84' lang='grc' dir='ltr'><em>ὑφ’</em></span> <span class='ocrx_word' id='word_1_86' title='bbox 740 1041 780 1124; x_wconf 71' lang='grc' dir='ltr'><em>ἃς</em></span> <span class='ocrx_word' id='word_1_87' title='bbox 803 1047 840 1110; x_wconf 84' lang='grc' dir='ltr'><em>αἴ</em></span> <span class='ocrx_word' id='word_1_88' title='bbox 858 1053 927 1111; x_wconf 90' lang='grc' dir='ltr'><em>ἴσαι</em></span> <span class='ocrx_word' id='word_1_89' title='bbox 950 1043 1091 1130; x_wconf 78' lang='grc' dir='ltr'><em>πλευραὶ</em></span> 
     </span>
     <span class='ocr_line' id='line_1_10' title="bbox 73 1148 1095 1237; baseline -0.002 -19"><span class='ocrx_word' id='word_1_90' title='bbox 73 1150 319 1220; x_wconf 87' lang='grc' dir='ltr'><em>ὑποτείνουσιν.</em></span> <span class='ocrx_word' id='word_1_91' title='bbox 371 1160 425 1237; x_wconf 92' lang='grc' dir='ltr'><em>ἴση</em></span> <span class='ocrx_word' id='word_1_92' title='bbox 457 1150 522 1237; x_wconf 75' lang='grc' dir='ltr'><em>ἄρα</em></span> <span class='ocrx_word' id='word_1_93' title='bbox 550 1151 640 1218; x_wconf 81' lang='grc' dir='ltr'><em>ἐστὶν</em></span> <span class='ocrx_word' id='word_1_94' title='bbox 667 1149 688 1236; x_wconf 79' lang='grc' dir='ltr'><em>ἡ</em></span> <span class='ocrx_word' id='word_1_95' title='bbox 717 1148 782 1218; x_wconf 83' lang='grc' dir='ltr'><em>ὑπὸ</em></span> <span class='ocrx_word' id='word_1_96' title='bbox 810 1154 879 1218; x_wconf 77' lang='grc' dir='ltr'><em>τῶν</em></span> <span class='ocrx_word' id='word_1_97' title='bbox 908 1156 988 1235; x_wconf 89' lang='grc' dir='ltr'><em>ΓΣ,</em></span> <span class='ocrx_word' id='word_1_98' title='bbox 1019 1156 1095 1216; x_wconf 89' lang='grc' dir='ltr'><em>ΣΝ</em></span> 
     </span>
     <span class='ocr_line' id='line_1_11' title="bbox 73 1253 1090 1346; baseline -0.004 -20"><span class='ocrx_word' id='word_1_99' title='bbox 73 1265 180 1344; x_wconf 90' lang='grc' dir='ltr'><em>γωνία</em></span> <span class='ocrx_word' id='word_1_100' title='bbox 207 1263 247 1346; x_wconf 78' lang='grc' dir='ltr'><em>τῇ</em></span> <span class='ocrx_word' id='word_1_101' title='bbox 275 1256 339 1325; x_wconf 82' lang='grc' dir='ltr'><em>ὑπὸ</em></span> <span class='ocrx_word' id='word_1_102' title='bbox 368 1261 436 1324; x_wconf 79' lang='grc' dir='ltr'><em>τῶν</em></span> <span class='ocrx_word' id='word_1_103' title='bbox 463 1263 546 1341; x_wconf 88' lang='grc' dir='ltr'><em>ΛΣ,</em></span> <span class='ocrx_word' id='word_1_104' title='bbox 575 1265 653 1324; x_wconf 83' lang='grc' dir='ltr'><em>ΣΑ.</em></span> <span class='ocrx_word' id='word_1_105' title='bbox 701 1254 798 1341; x_wconf 80' lang='grc' dir='ltr'><em>κοινὴ</em></span> <span class='ocrx_word' id='word_1_106' title='bbox 827 1262 1041 1344; x_wconf 75' lang='grc' dir='ltr'><em>προσκείσθω</em></span> <span class='ocrx_word' id='word_1_107' title='bbox 1068 1253 1090 1341; x_wconf 80' lang='grc' dir='ltr'><em>ἡ</em></span> 
     </span>
     <span class='ocr_line' id='line_1_12' title="bbox 74 1359 1118 1449; baseline -0.005 -17"><span class='ocrx_word' id='word_1_108' title='bbox 74 1362 141 1432; x_wconf 86' lang='grc' dir='ltr'><em>ὑπὸ</em></span> <span class='ocrx_word' id='word_1_109' title='bbox 164 1369 232 1432; x_wconf 77' lang='grc' dir='ltr'><em>τῶν</em></span> <span class='ocrx_word' id='word_1_110' title='bbox 252 1369 341 1448; x_wconf 87' lang='grc' dir='ltr'><em>ΝΣ,</em></span> <span class='ocrx_word' id='word_1_111' title='bbox 364 1372 445 1431; x_wconf 79' lang='grc' dir='ltr'><em>ΣΑ·</em></span> <span class='ocrx_word' id='word_1_112' title='bbox 469 1367 507 1430; x_wconf 88' lang='grc' dir='ltr'><em>αί</em></span> <span class='ocrx_word' id='word_1_113' title='bbox 528 1362 593 1449; x_wconf 78' lang='grc' dir='ltr'><em>ἄρα</em></span> <span class='ocrx_word' id='word_1_114' title='bbox 615 1359 682 1431; x_wconf 85' lang='grc' dir='ltr'><em>ὑπὸ</em></span> <span class='ocrx_word' id='word_1_115' title='bbox 705 1367 774 1429; x_wconf 75' lang='grc' dir='ltr'><em>τῶν</em></span> <span class='ocrx_word' id='word_1_116' title='bbox 793 1368 873 1448; x_wconf 87' lang='grc' dir='ltr'><em>ΓΣ,</em></span> <span class='ocrx_word' id='word_1_117' title='bbox 897 1370 984 1449; x_wconf 89' lang='grc' dir='ltr'><em>ΣΝ,</em></span> <span class='ocrx_word' id='word_1_118' title='bbox 1004 1369 1090 1446; x_wconf 85' lang='grc' dir='ltr'><em>ΝΣ,</em></span> <span class='ocrx_word' id='word_1_119' title='bbox 1113 1415 1118 1426; x_wconf 84' lang='grc'><strong><em>.</em></strong></span> 
     </span>
     <span class='ocr_line' id='line_1_13' title="bbox 74 1467 1091 1554; baseline 0 -17"><span class='ocrx_word' id='word_1_120' title='bbox 74 1477 145 1537; x_wconf 90' lang='grc' dir='ltr'><em>ΣΑ</em></span> <span class='ocrx_word' id='word_1_121' title='bbox 171 1482 243 1548; x_wconf 81' lang='grc' dir='ltr'><em>ταῖς</em></span> <span class='ocrx_word' id='word_1_122' title='bbox 269 1467 335 1536; x_wconf 78' lang='grc' dir='ltr'><em>ὐπὸ</em></span> <span class='ocrx_word' id='word_1_123' title='bbox 364 1472 432 1536; x_wconf 79' lang='grc' dir='ltr'><em>τῶν</em></span> <span class='ocrx_word' id='word_1_124' title='bbox 460 1475 543 1554; x_wconf 90' lang='grc' dir='ltr'><em>ΛΣ,</em></span> <span class='ocrx_word' id='word_1_125' title='bbox 572 1476 658 1553; x_wconf 91' lang='grc' dir='ltr'><em>ΣΑ,</em></span> <span class='ocrx_word' id='word_1_126' title='bbox 687 1476 771 1554; x_wconf 91' lang='grc' dir='ltr'><em>ΑΣ,</em></span> <span class='ocrx_word' id='word_1_127' title='bbox 798 1476 874 1535; x_wconf 87' lang='grc' dir='ltr'><em>ΣΝ</em></span> <span class='ocrx_word' id='word_1_128' title='bbox 897 1477 969 1536; x_wconf 93' lang='grc' dir='ltr'><em>ἴσαι</em></span> <span class='ocrx_word' id='word_1_129' title='bbox 997 1473 1091 1539; x_wconf 85' lang='grc' dir='ltr'><em>είσίν.</em></span> 
     </span>
     <span class='ocr_line' id='line_1_14' title="bbox 73 1573 1092 1664; baseline 0 -21"><span class='ocrx_word' id='word_1_130' title='bbox 73 1574 148 1644; x_wconf 80' lang='grc' dir='ltr'><strong><em>ἀλλ’</em></strong></span> <span class='ocrx_word' id='word_1_131' title='bbox 175 1579 211 1642; x_wconf 86' lang='grc' dir='ltr'><em>αί</em></span> <span class='ocrx_word' id='word_1_132' title='bbox 232 1573 299 1643; x_wconf 84' lang='grc' dir='ltr'><em>ὑπὸ</em></span> <span class='ocrx_word' id='word_1_133' title='bbox 322 1579 390 1643; x_wconf 79' lang='grc' dir='ltr'><em>τῶν</em></span> <span class='ocrx_word' id='word_1_134' title='bbox 414 1582 496 1660; x_wconf 88' lang='grc' dir='ltr'><em>ΛΣ,</em></span> <span class='ocrx_word' id='word_1_135' title='bbox 525 1583 609 1660; x_wconf 82' lang='grc' dir='ltr'><em>ΣΑ,</em></span> <span class='ocrx_word' id='word_1_136' title='bbox 637 1583 721 1660; x_wconf 88' lang='grc' dir='ltr'><em>ΑΣ,</em></span> <span class='ocrx_word' id='word_1_137' title='bbox 752 1582 827 1643; x_wconf 91' lang='grc' dir='ltr'><em>ΣΝ</em></span> <span class='ocrx_word' id='word_1_138' title='bbox 846 1575 946 1642; x_wconf 77' lang='grc' dir='ltr'><em>δυσὶν</em></span> <span class='ocrx_word' id='word_1_139' title='bbox 970 1574 1092 1664; x_wconf 77' lang='grc' dir='ltr'><em>ὀρθαῖς</em></span> 
     </span>
     <span class='ocr_line' id='line_1_15' title="bbox 74 1663 1092 1774; baseline 0.002 -25"><span class='ocrx_word' id='word_1_140' title='bbox 74 1691 145 1750; x_wconf 89' lang='grc' dir='ltr'><em>ἴσαι</em></span> <span class='ocrx_word' id='word_1_141' title='bbox 174 1686 252 1750; x_wconf 84' lang='grc' dir='ltr'><em>είσί·</em></span> <span class='ocrx_word' id='word_1_142' title='bbox 279 1663 369 1768; x_wconf 80' lang='grc' dir='ltr'><em>πρὸς</em></span> <span class='ocrx_word' id='word_1_143' title='bbox 390 1680 432 1767; x_wconf 76' lang='grc' dir='ltr'><em>δή</em></span> <span class='ocrx_word' id='word_1_144' title='bbox 460 1707 526 1749; x_wconf 86' lang='grc' dir='ltr'><em>τινι</em></span> <span class='ocrx_word' id='word_1_145' title='bbox 555 1678 673 1771; x_wconf 79' lang='grc' dir='ltr'><em>εὐθείᾳ</em></span> <span class='ocrx_word' id='word_1_146' title='bbox 700 1685 739 1771; x_wconf 75' lang='grc' dir='ltr'><em>τῇ</em></span> <span class='ocrx_word' id='word_1_147' title='bbox 763 1689 837 1748; x_wconf 89' lang='grc' dir='ltr'><em>ΝΣ</em></span> <span class='ocrx_word' id='word_1_148' title='bbox 861 1682 916 1749; x_wconf 81' lang='grc' dir='ltr'><em>καί</em></span> <span class='ocrx_word' id='word_1_149' title='bbox 939 1685 985 1774; x_wconf 77' lang='grc' dir='ltr'><em>τῷ</em></span> <span class='ocrx_word' id='word_1_150' title='bbox 1008 1682 1092 1772; x_wconf 83' lang='grc' dir='ltr'><em>πρὸς</em></span> 
     </span>
     <span class='ocr_line' id='line_1_16' title="bbox 73 1786 1091 1880; baseline 0.001 -25"><span class='ocrx_word' id='word_1_151' title='bbox 73 1786 160 1877; x_wconf 79' lang='grc' dir='ltr'><em>αὐτῇ</em></span> <span class='ocrx_word' id='word_1_152' title='bbox 189 1793 313 1880; x_wconf 77' lang='grc' dir='ltr'><em>σημείῳ</em></span> <span class='ocrx_word' id='word_1_153' title='bbox 336 1792 382 1880; x_wconf 79' lang='grc' dir='ltr'><em>τῷ</em></span> <span class='ocrx_word' id='word_1_154' title='bbox 407 1796 441 1854; x_wconf 88' lang='grc' dir='ltr'><em>Σ</em></span> <span class='ocrx_word' id='word_1_155' title='bbox 466 1787 528 1855; x_wconf 77' lang='grc' dir='ltr'><em>δύο</em></span> <span class='ocrx_word' id='word_1_156' title='bbox 553 1786 683 1856; x_wconf 87' lang='grc' dir='ltr'><em>εὐθεῖαι</em></span> <span class='ocrx_word' id='word_1_157' title='bbox 711 1791 748 1854; x_wconf 87' lang='grc' dir='ltr'><em>αί</em></span> <span class='ocrx_word' id='word_1_158' title='bbox 769 1795 848 1874; x_wconf 93' lang='grc' dir='ltr'><em>ΣΓ,</em></span> <span class='ocrx_word' id='word_1_159' title='bbox 877 1795 946 1856; x_wconf 88' lang='grc' dir='ltr'><em>ΣΑ</em></span> <span class='ocrx_word' id='word_1_160' title='bbox 969 1787 1013 1875; x_wconf 81' lang='grc' dir='ltr'><em>μὴ</em></span> <span class='ocrx_word' id='word_1_161' title='bbox 1039 1789 1091 1856; x_wconf 78' lang='grc' dir='ltr'><em>ἐπὶ</em></span> 
     </span>
     <span class='ocr_line' id='line_1_17' title="bbox 72 1892 1092 1983; baseline -0.002 -20"><span class='ocrx_word' id='word_1_162' title='bbox 72 1894 115 1963; x_wconf 82' lang='grc' dir='ltr'><em>τὰ</em></span> <span class='ocrx_word' id='word_1_163' title='bbox 136 1893 219 1962; x_wconf 81' lang='grc' dir='ltr'><em>αὐτὰ</em></span> <span class='ocrx_word' id='word_1_164' title='bbox 239 1897 321 1983; x_wconf 84' lang='grc' dir='ltr'><em>μέρη</em></span> <span class='ocrx_word' id='word_1_165' title='bbox 340 1899 489 1980; x_wconf 86' lang='grc' dir='ltr'><em>κείμεναι</em></span> <span class='ocrx_word' id='word_1_166' title='bbox 508 1894 565 1975; x_wconf 79' lang='grc' dir='ltr'><em>τὰς</em></span> <span class='ocrx_word' id='word_1_167' title='bbox 584 1895 701 1981; x_wconf 77' lang='grc' dir='ltr'><em>ἐφεξῆς</em></span> <span class='ocrx_word' id='word_1_168' title='bbox 715 1901 840 1981; x_wconf 77' lang='grc' dir='ltr'><em>γωνίας</em></span> <span class='ocrx_word' id='word_1_169' title='bbox 854 1895 954 1963; x_wconf 76' lang='grc' dir='ltr'><em>δυσὶν</em></span> <span class='ocrx_word' id='word_1_170' title='bbox 969 1892 1092 1981; x_wconf 86' lang='grc' dir='ltr'><em>ὀρθαῖς</em></span> 
     </span>
     <span class='ocr_line' id='line_1_18' title="bbox 74 1999 1092 2086; baseline 0.001 -18"><span class='ocrx_word' id='word_1_171' title='bbox 74 2011 150 2080; x_wconf 89' lang='grc' dir='ltr'><em>ἴσας</em></span> <span class='ocrx_word' id='word_1_172' title='bbox 173 2006 306 2068; x_wconf 83' lang='grc' dir='ltr'><em>ποιοῦσι</em></span> <span class='ocrx_word' id='word_1_173' title='bbox 329 1999 389 2080; x_wconf 73' lang='grc' dir='ltr'><em>τὰς</em></span> <span class='ocrx_word' id='word_1_174' title='bbox 412 1999 476 2068; x_wconf 82' lang='grc' dir='ltr'><em>ὑπὸ</em></span> <span class='ocrx_word' id='word_1_175' title='bbox 496 2005 564 2069; x_wconf 79' lang='grc' dir='ltr'><em>των</em></span> <span class='ocrx_word' id='word_1_176' title='bbox 583 2007 705 2086; x_wconf 93' lang='grc' dir='ltr'><em>ΓΣΝ,</em></span> <span class='ocrx_word' id='word_1_177' title='bbox 729 2008 847 2070; x_wconf 87' lang='grc' dir='ltr'><em>ΝΣΑ.</em></span> <span class='ocrx_word' id='word_1_178' title='bbox 886 1999 934 2070; x_wconf 82' lang='grc' dir='ltr'><em>ἐπ’</em></span> <span class='ocrx_word' id='word_1_179' title='bbox 958 1999 1092 2082; x_wconf 76' lang='grc' dir='ltr'><em>εὐθείας</em></span> 
     </span>
     <span class='ocr_line' id='line_1_19' title="bbox 72 2104 1097 2195; baseline 0.003 -22"><span class='ocrx_word' id='word_1_180' title='bbox 72 2105 142 2193; x_wconf 76' lang='grc' dir='ltr'><em>ἄρα</em></span> <span class='ocrx_word' id='word_1_181' title='bbox 165 2107 255 2174; x_wconf 82' lang='grc' dir='ltr'><em>ἐστὶν</em></span> <span class='ocrx_word' id='word_1_182' title='bbox 278 2105 298 2193; x_wconf 82' lang='grc' dir='ltr'><em>ἡ</em></span> <span class='ocrx_word' id='word_1_183' title='bbox 322 2112 389 2174; x_wconf 89' lang='grc' dir='ltr'><em>ΓΣ</em></span> <span class='ocrx_word' id='word_1_184' title='bbox 409 2111 449 2193; x_wconf 80' lang='grc' dir='ltr'><em>τῇ</em></span> <span class='ocrx_word' id='word_1_185' title='bbox 473 2116 549 2175; x_wconf 91' lang='grc' dir='ltr'><em>ΣΑ.</em></span> <span class='ocrx_word' id='word_1_186' title='bbox 591 2104 647 2174; x_wconf 74' lang='grc' dir='ltr'><em>διὰ</em></span> <span class='ocrx_word' id='word_1_187' title='bbox 671 2106 711 2175; x_wconf 82' lang='grc' dir='ltr'><em>τὰ</em></span> <span class='ocrx_word' id='word_1_188' title='bbox 736 2107 821 2176; x_wconf 85' lang='grc' dir='ltr'><em>αὐτὰ</em></span> <span class='ocrx_word' id='word_1_189' title='bbox 845 2108 887 2195; x_wconf 77' lang='grc' dir='ltr'><em>δὴ</em></span> <span class='ocrx_word' id='word_1_190' title='bbox 909 2109 965 2176; x_wconf 81' lang='grc' dir='ltr'><em>καὶ</em></span> <span class='ocrx_word' id='word_1_191' title='bbox 988 2106 1009 2194; x_wconf 79' lang='grc' dir='ltr'>ἡ</span> <span class='ocrx_word' id='word_1_192' title='bbox 1029 2116 1097 2176; x_wconf 99' lang='grc' dir='ltr'><em>ΒΤ</em></span> 
     </span>
     <span class='ocr_line' id='line_1_20' title="bbox 72 2211 1091 2310; baseline 0.003 -31"><span class='ocrx_word' id='word_1_193' title='bbox 72 2216 115 2301; x_wconf 79' lang='grc' dir='ltr'><em>τῇ</em></span> <span class='ocrx_word' id='word_1_194' title='bbox 145 2221 213 2281; x_wconf 90' lang='grc' dir='ltr'><em>ΤΗ</em></span> <span class='ocrx_word' id='word_1_195' title='bbox 232 2212 286 2282; x_wconf 79' lang='grc' dir='ltr'><em>ἐπ’</em></span> <span class='ocrx_word' id='word_1_196' title='bbox 313 2211 449 2292; x_wconf 83' lang='grc' dir='ltr'><em>εὐθείας</em></span> <span class='ocrx_word' id='word_1_197' title='bbox 472 2216 547 2286; x_wconf 83' lang='grc' dir='ltr'><em>ἐστί.</em></span> <span class='ocrx_word' id='word_1_198' title='bbox 589 2215 645 2310; x_wconf 73' lang='grc' dir='ltr'><em>καὶ</em></span> <span class='ocrx_word' id='word_1_199' title='bbox 669 2215 738 2282; x_wconf 78' lang='grc' dir='ltr'><em>ἐπεὶ</em></span> <span class='ocrx_word' id='word_1_200' title='bbox 762 2222 818 2301; x_wconf 87' lang='grc' dir='ltr'><em>ἴση</em></span> <span class='ocrx_word' id='word_1_201' title='bbox 841 2215 931 2283; x_wconf 76' lang='grc' dir='ltr'><em>ἐστὶν</em></span> <span class='ocrx_word' id='word_1_202' title='bbox 955 2215 1091 2303; x_wconf 80' lang='grc' dir='ltr'><em>ἑκατέρα</em></span> 
     </span>
     <span class='ocr_line' id='line_1_21' title="bbox 72 2319 1092 2410; baseline 0.002 -24"><span class='ocrx_word' id='word_1_203' title='bbox 72 2323 144 2387; x_wconf 79' lang='grc' dir='ltr'><em>των</em></span> <span class='ocrx_word' id='word_1_204' title='bbox 171 2325 247 2404; x_wconf 95' lang='grc' dir='ltr'><em>ΓΒ,</em></span> <span class='ocrx_word' id='word_1_205' title='bbox 276 2327 348 2386; x_wconf 89' lang='grc' dir='ltr'><em>ΑΗ</em></span> <span class='ocrx_word' id='word_1_206' title='bbox 372 2323 413 2408; x_wconf 79' lang='grc' dir='ltr'><em>τῇ</em></span> <span class='ocrx_word' id='word_1_207' title='bbox 437 2328 514 2405; x_wconf 77' lang='grc' dir='ltr'><em>ΕΘ,</em></span> <span class='ocrx_word' id='word_1_208' title='bbox 547 2319 631 2388; x_wconf 77' lang='grc' dir='ltr'><em>ἄλλα</em></span> <span class='ocrx_word' id='word_1_209' title='bbox 659 2321 716 2400; x_wconf 78' lang='grc' dir='ltr'><em>καὶ</em></span> <span class='ocrx_word' id='word_1_210' title='bbox 743 2319 964 2410; x_wconf 78' lang='grc' dir='ltr'><em>παράλληλοι,</em></span> <span class='ocrx_word' id='word_1_211' title='bbox 992 2324 1030 2387; x_wconf 87' lang='grc' dir='ltr'><em>αί</em></span> <span class='ocrx_word' id='word_1_212' title='bbox 1055 2321 1092 2388; x_wconf 75' lang='grc' dir='ltr'><em>δὲ</em></span> 
     </span>
     <span class='ocr_line' id='line_1_22' title="bbox 73 2423 1090 2520; baseline 0.004 -29"><span class='ocrx_word' id='word_1_213' title='bbox 73 2423 166 2511; x_wconf 80' lang='grc' dir='ltr'><em>παρὰ</em></span> <span class='ocrx_word' id='word_1_214' title='bbox 198 2425 260 2512; x_wconf 79' lang='grc' dir='ltr'><em>τὴν</em></span> <span class='ocrx_word' id='word_1_215' title='bbox 293 2423 400 2512; x_wconf 82' lang='grc' dir='ltr'><em>αὐτὴν</em></span> <span class='ocrx_word' id='word_1_216' title='bbox 432 2427 570 2495; x_wconf 84' lang='grc' dir='ltr'><em>εὐθεῖαν</em></span> <span class='ocrx_word' id='word_1_217' title='bbox 602 2427 646 2515; x_wconf 80' lang='grc' dir='ltr'><em>μὴ</em></span> <span class='ocrx_word' id='word_1_218' title='bbox 681 2430 718 2496; x_wconf 82' lang='grc' dir='ltr'><em>ἐν</em></span> <span class='ocrx_word' id='word_1_219' title='bbox 751 2432 795 2519; x_wconf 75' lang='grc' dir='ltr'><em>τῷ</em></span> <span class='ocrx_word' id='word_1_220' title='bbox 830 2425 919 2520; x_wconf 77' lang='grc' dir='ltr'><em>αὐτῷ</em></span> <span class='ocrx_word' id='word_1_221' title='bbox 948 2429 1090 2517; x_wconf 77' lang='grc' dir='ltr'><em>ἐπιπέδῳ</em></span> 
     </span>
     <span class='ocr_line' id='line_1_23' title="bbox 75 2522 1091 2623; baseline 0 -24"><span class='ocrx_word' id='word_1_222' title='bbox 75 2522 177 2599; x_wconf 82' lang='grc' dir='ltr'><em>οὖσαι</em></span> <span class='ocrx_word' id='word_1_223' title='bbox 199 2531 407 2618; x_wconf 76' lang='grc' dir='ltr'><em>παράλληλοι</em></span> <span class='ocrx_word' id='word_1_224' title='bbox 432 2537 528 2618; x_wconf 86' lang='grc' dir='ltr'><em>εἰσίν,</em></span> <span class='ocrx_word' id='word_1_225' title='bbox 552 2536 589 2600; x_wconf 75' lang='grc' dir='ltr'><em>αι’</em></span> <span class='ocrx_word' id='word_1_226' title='bbox 605 2539 683 2619; x_wconf 88' lang='grc' dir='ltr'><em>ΓΒ,</em></span> <span class='ocrx_word' id='word_1_227' title='bbox 705 2542 783 2602; x_wconf 89' lang='grc' dir='ltr'><em>ΑΗ</em></span> <span class='ocrx_word' id='word_1_228' title='bbox 802 2533 868 2623; x_wconf 75' lang='grc' dir='ltr'><em>ἄρα</em></span> <span class='ocrx_word' id='word_1_229' title='bbox 892 2543 961 2602; x_wconf 89' lang='grc' dir='ltr'><em>ἴσαι</em></span> <span class='ocrx_word' id='word_1_230' title='bbox 984 2559 1019 2601; x_wconf 87' lang='grc' dir='ltr'><em>τε</em></span> <span class='ocrx_word' id='word_1_231' title='bbox 1037 2535 1091 2600; x_wconf 74' lang='grc' dir='ltr'><em>καὶ</em></span> 
     </span>
     <span class='ocr_line' id='line_1_24' title="bbox 73 2637 1093 2730; baseline 0.002 -27"><span class='ocrx_word' id='word_1_232' title='bbox 73 2637 287 2723; x_wconf 77' lang='grc' dir='ltr'><em>παράλληλοί</em></span> <span class='ocrx_word' id='word_1_233' title='bbox 306 2643 379 2706; x_wconf 88' lang='grc' dir='ltr'><em>εἴσι.</em></span> <span class='ocrx_word' id='word_1_234' title='bbox 415 2641 470 2707; x_wconf 83' lang='grc' dir='ltr'><em>καὶ</em></span> <span class='ocrx_word' id='word_1_235' title='bbox 495 2641 723 2727; x_wconf 79' lang='grc' dir='ltr'><em>ἐπεζευγμέναι</em></span> <span class='ocrx_word' id='word_1_236' title='bbox 747 2642 834 2708; x_wconf 83' lang='grc' dir='ltr'><em>εἰσὶν</em></span> <span class='ocrx_word' id='word_1_237' title='bbox 857 2644 894 2707; x_wconf 85' lang='grc' dir='ltr'><em>αἴ</em></span> <span class='ocrx_word' id='word_1_238' title='bbox 910 2646 985 2724; x_wconf 91' lang='grc' dir='ltr'><em>ΓΑ,</em></span> <span class='ocrx_word' id='word_1_239' title='bbox 1010 2645 1093 2730; x_wconf 77' lang='grc' dir='ltr'><em>ΒΗ,</em></span> 
     </span>
     <span class='ocr_line' id='line_1_25' title="bbox 73 2743 1093 2833; baseline 0.004 -24"><span class='ocrx_word' id='word_1_240' title='bbox 73 2749 136 2810; x_wconf 86' lang='grc' dir='ltr'><em>καί</em></span> <span class='ocrx_word' id='word_1_241' title='bbox 156 2744 225 2810; x_wconf 82' lang='grc' dir='ltr'><em>ἐστι</em></span> <span class='ocrx_word' id='word_1_242' title='bbox 247 2747 305 2830; x_wconf 80' lang='grc' dir='ltr'><em>τῆς</em></span> <span class='ocrx_word' id='word_1_243' title='bbox 327 2743 388 2830; x_wconf 72' lang='grc' dir='ltr'><em>μὲν</em></span> <span class='ocrx_word' id='word_1_244' title='bbox 408 2750 469 2811; x_wconf 92' lang='grc' dir='ltr'><em>ΓΑ</em></span> <span class='ocrx_word' id='word_1_245' title='bbox 491 2743 622 2832; x_wconf 81' lang='grc' dir='ltr'><em>ἡμίσεια</em></span> <span class='ocrx_word' id='word_1_246' title='bbox 645 2743 666 2831; x_wconf 80' lang='grc' dir='ltr'><em>ἡ</em></span> <span class='ocrx_word' id='word_1_247' title='bbox 686 2753 769 2831; x_wconf 89' lang='grc' dir='ltr'><em>ΣΑ,</em></span> <span class='ocrx_word' id='word_1_248' title='bbox 792 2750 851 2832; x_wconf 82' lang='grc' dir='ltr'><em>τῆς</em></span> <span class='ocrx_word' id='word_1_249' title='bbox 874 2747 912 2814; x_wconf 75' lang='grc' dir='ltr'><em>δὲ</em></span> <span class='ocrx_word' id='word_1_250' title='bbox 931 2753 1003 2813; x_wconf 93' lang='grc' dir='ltr'><em>ΒΗ</em></span> <span class='ocrx_word' id='word_1_251' title='bbox 1022 2743 1093 2833; x_wconf 81' lang='grc' dir='ltr'><em>ἡμί·</em></span> 
     </span>
     <span class='ocr_line' id='line_1_26' title="bbox 74 2846 1097 2940; baseline 0.006 -25"><span class='ocrx_word' id='word_1_252' title='bbox 74 2867 151 2916; x_wconf 88' lang='grc' dir='ltr'><em>σεια</em></span> <span class='ocrx_word' id='word_1_253' title='bbox 173 2846 195 2934; x_wconf 83' lang='grc' dir='ltr'><em>ἡ</em></span> <span class='ocrx_word' id='word_1_254' title='bbox 215 2856 286 2918; x_wconf 91' lang='grc' dir='ltr'><em>ΒΤ.</em></span> <span class='ocrx_word' id='word_1_255' title='bbox 332 2853 370 2916; x_wconf 85' lang='grc' dir='ltr'><em>αἴ</em></span> <span class='ocrx_word' id='word_1_256' title='bbox 386 2858 468 2935; x_wconf 82' lang='grc' dir='ltr'><em>ΣΑ,</em></span> <span class='ocrx_word' id='word_1_257' title='bbox 492 2858 560 2918; x_wconf 92' lang='grc' dir='ltr'><em>ΒΤ</em></span> <span class='ocrx_word' id='word_1_258' title='bbox 578 2850 644 2937; x_wconf 75' lang='grc' dir='ltr'><em>ἄρα</em></span> <span class='ocrx_word' id='word_1_259' title='bbox 668 2860 737 2918; x_wconf 87' lang='grc' dir='ltr'><em>ἴσαι</em></span> <span class='ocrx_word' id='word_1_260' title='bbox 759 2878 794 2919; x_wconf 85' lang='grc' dir='ltr'><em>τε</em></span> <span class='ocrx_word' id='word_1_261' title='bbox 812 2853 868 2920; x_wconf 82' lang='grc' dir='ltr'><em>καὶ</em></span> <span class='ocrx_word' id='word_1_262' title='bbox 886 2854 1097 2940; x_wconf 78' lang='grc' dir='ltr'><em>παράλληλοί</em></span> 
     </span>
     <span class='ocr_line' id='line_1_27' title="bbox 74 2955 1094 3047; baseline 0.006 -26"><span class='ocrx_word' id='word_1_263' title='bbox 74 2958 156 3022; x_wconf 86' lang='grc' dir='ltr'><em>είσι·</em></span> <span class='ocrx_word' id='word_1_264' title='bbox 188 2955 244 3021; x_wconf 86' lang='grc' dir='ltr'><em>καὶ</em></span> <span class='ocrx_word' id='word_1_265' title='bbox 272 2956 501 3042; x_wconf 80' lang='grc' dir='ltr'><em>ἐπεζευγμέναι</em></span> <span class='ocrx_word' id='word_1_266' title='bbox 535 2957 620 3024; x_wconf 82' lang='grc' dir='ltr'><em>εἰσὶν</em></span> <span class='ocrx_word' id='word_1_267' title='bbox 649 2960 686 3023; x_wconf 85' lang='grc' dir='ltr'><em>αῖ</em></span> <span class='ocrx_word' id='word_1_268' title='bbox 711 2963 791 3041; x_wconf 91' lang='grc' dir='ltr'><em>ΣΤ,</em></span> <span class='ocrx_word' id='word_1_269' title='bbox 824 2965 898 3024; x_wconf 89' lang='lat' dir='ltr'><em>AB.</em></span> <span class='ocrx_word' id='word_1_270' title='bbox 946 2967 1001 3046; x_wconf 90' lang='grc' dir='ltr'><em>ἴση</em></span> <span class='ocrx_word' id='word_1_271' title='bbox 1029 2958 1094 3047; x_wconf 71' lang='grc' dir='ltr'><em>ἄρα</em></span> 
     </span>
     <span class='ocr_line' id='line_1_28' title="bbox 75 3057 1093 3154; baseline 0.005 -26"><span class='ocrx_word' id='word_1_272' title='bbox 75 3061 169 3128; x_wconf 80' lang='grc' dir='ltr'><em>ἐστὶν</em></span> <span class='ocrx_word' id='word_1_273' title='bbox 194 3057 215 3146; x_wconf 82' lang='grc' dir='ltr'><em>ἡ</em></span> <span class='ocrx_word' id='word_1_274' title='bbox 239 3059 301 3146; x_wconf 71' lang='grc' dir='ltr'><em>μὲν</em></span> <span class='ocrx_word' id='word_1_275' title='bbox 324 3065 451 3149; x_wconf 75' lang='grc' dir='ltr'><em>ΣῬτῇ</em></span> <span class='ocrx_word' id='word_1_276' title='bbox 475 3068 550 3148; x_wconf 80' lang='grc' dir='ltr'><em>ΤΤ,</em></span> <span class='ocrx_word' id='word_1_277' title='bbox 574 3060 594 3149; x_wconf 80' lang='grc' dir='ltr'><em>ἡ</em></span> <span class='ocrx_word' id='word_1_278' title='bbox 619 3063 656 3130; x_wconf 77' lang='grc' dir='ltr'><em>δὲ</em></span> <span class='ocrx_word' id='word_1_279' title='bbox 675 3071 744 3130; x_wconf 78' lang='grc' dir='ltr'><em>ΛΤ</em></span> <span class='ocrx_word' id='word_1_280' title='bbox 763 3059 802 3151; x_wconf 72' lang='grc' dir='ltr'><em>τῇ</em></span> <span class='ocrx_word' id='word_1_281' title='bbox 823 3069 895 3129; x_wconf 79' lang='grc' dir='ltr'><em>ΤΒ·</em></span> <span class='ocrx_word' id='word_1_282' title='bbox 920 3062 1002 3154; x_wconf 84' lang='grc' dir='ltr'><em>ὅπερ</em></span> <span class='ocrx_word' id='word_1_283' title='bbox 1027 3070 1093 3134; x_wconf 76' lang='grc' dir='ltr'><em>ἔδει</em></span> 
     </span>
    </p>
   </div>
   <div class='ocr_carea' id='block_1_3' title="bbox 76 3168 192 3247">
    <p class='ocr_par' dir='ltr' id='par_1_3' title="bbox 76 3168 192 3247">
     <span class='ocr_line' id='line_1_29' title="bbox 76 3168 192 3247; baseline 0.009 -12"><span class='ocrx_word' id='word_1_284' title='bbox 76 3168 192 3247; x_wconf 77' lang='grc' dir='ltr'><em>δεῖξαι.</em></span> 
     </span>
    </p>
   </div>
   <div class='ocr_carea' id='block_1_4' title="bbox 73 3274 1137 3576">
    <p class='ocr_par' dir='ltr' id='par_1_4' title="bbox 73 3274 1137 3576">
     <span class='ocr_line' id='line_1_30' title="bbox 550 3274 1137 3344; baseline 0.005 -3"><span class='ocrx_word' id='word_1_285' title='bbox 550 3274 622 3342; x_wconf 75' lang='grc' dir='ltr'><em>ἴθ’.</em></span> <span class='ocrx_word' id='word_1_286' title='bbox 1131 3295 1137 3344; x_wconf 81' lang='grc' dir='ltr'><em>ι</em></span> 
     </span>
     <span class='ocr_line' id='line_1_31' title="bbox 145 3299 1128 3470; baseline 0.005 -25"><span class='ocrx_word' id='word_1_287' title='bbox 145 3374 224 3446; x_wconf 79' lang='grc' dir='ltr'><em>Ἐὰν</em></span> <span class='ocrx_word' id='word_1_288' title='bbox 242 3370 264 3467; x_wconf 79' lang='grc' dir='ltr'><em>ἦ</em></span> <span class='ocrx_word' id='word_1_289' title='bbox 284 3378 347 3447; x_wconf 77' lang='grc' dir='ltr'><em>θύο</em></span> <span class='ocrx_word' id='word_1_290' title='bbox 365 3388 530 3468; x_wconf 85' lang='grc' dir='ltr'><em>πρίσματα</em></span> <span class='ocrx_word' id='word_1_291' title='bbox 550 3383 689 3466; x_wconf 75' lang='grc' dir='ltr'><em>ἰσουψῆ,</em></span> <span class='ocrx_word' id='word_1_292' title='bbox 708 3382 762 3448; x_wconf 85' lang='grc' dir='ltr'><em>καὶ</em></span> <span class='ocrx_word' id='word_1_293' title='bbox 781 3380 816 3448; x_wconf 83' lang='grc' dir='ltr'><em>τὸ</em></span> <span class='ocrx_word' id='word_1_294' title='bbox 833 3382 895 3468; x_wconf 73' lang='grc' dir='ltr'><em>μὲν</em></span> <span class='ocrx_word' id='word_1_295' title='bbox 910 3387 974 3470; x_wconf 82' lang='grc' dir='ltr'><em>ἔχει</em></span> <span class='ocrx_word' id='word_1_296' title='bbox 993 3382 1095 3467; x_wconf 79' lang='grc' dir='ltr'><em>βάσιν</em></span> <span class='ocrx_word' id='word_1_297' title='bbox 1112 3299 1128 3348; x_wconf 66' lang='grc'>3</span> 
     </span>
     <span class='ocr_line' id='line_1_32' title="bbox 73 3480 1123 3576; baseline -0.002 -24"><span class='ocrx_word' id='word_1_298' title='bbox 73 3489 256 3572; x_wconf 82' lang='grc' dir='ltr'><em>τρίγωνον,</em></span> <span class='ocrx_word' id='word_1_299' title='bbox 288 3489 326 3551; x_wconf 90' lang='grc' dir='ltr'><em>τὸ</em></span> <span class='ocrx_word' id='word_1_300' title='bbox 354 3485 392 3553; x_wconf 73' lang='grc' dir='ltr'><em>δὲ</em></span> <span class='ocrx_word' id='word_1_301' title='bbox 418 3484 793 3576; x_wconf 79' lang='grc' dir='ltr'><em>παραλληλόγραμμον,</em></span> <span class='ocrx_word' id='word_1_302' title='bbox 818 3488 1003 3553; x_wconf 57' lang='grc' dir='ltr'><em>διπλασίου</em></span> <span class='ocrx_word' id='word_1_303' title='bbox 1026 3487 1072 3547; x_wconf 46' lang='lat' dir='ltr'>Q</span> <span class='ocrx_word' id='word_1_304' title='bbox 1086 3480 1123 3550; x_wconf 50' lang='lat' dir='ltr'><em>*xx</em></span> 
     </span>
    </p>
   </div>
   <div class='ocr_carea' id='block_1_5' title="bbox 0 0 1177 3818">
    <p class='ocr_par' dir='ltr' id='par_1_5' title="bbox 0 0 1177 3818">
     <span class='ocr_line' id='line_1_33' title="bbox 0 0 1177 3818; baseline 0 0"><span class='ocrx_word' id='word_1_305' title='bbox 0 0 1177 3818; x_wconf 95' lang='lat' dir='ltr'><em> </em></span> 
     </span>
    </p>
   </div>
  </div>
 </body>
</html>
