2340 3818
100 150 145 213 44
476 126 678 204 Συοιεωιὲεω
697 146 748 205 ια’.

100 290 140 357 τὰ
164 297 207 376 Ζ,
236 297 266 358 Θ
288 293 371 380 μέρη
399 289 421 378 ἢ
450 292 503 360 ἐπὶ
529 290 570 358 τὰ
595 299 638 376 Ε,
666 299 706 358 Η
728 297 985 378 συμπεσοῦνται.
1031 295 1119 379 έιιβε·

100 395 308 482 βλήσθωσαν
331 395 377 476 ὥς
399 393 451 464 ἐπὶ
474 395 515 464 τὰ
535 403 578 480 Ζ,
602 404 631 464 Θ
653 399 735 484 μέρη
763 398 819 464 ααλ
842 399 1119 483 συμπιπτέτωσαν

101 502 268 591 πρότερον
293 500 377 572 κατὰ
403 501 441 570 τὸ
471 508 511 569 Κ.
561 503 617 570 καὶ
645 504 715 571 ἐπεὶ
742 500 763 589 ἡ
787 509 892 571 ΕΖΚ
918 501 955 570 έν
982 508 1029 596 τῳ
1053 511 1119 572 AB

101 605 194 677 ἐστιν
222 608 381 701 ἐπιπέδῳ,
409 608 465 674 καὶ
487 607 595 676 πάντα
619 607 685 694 ἄρα
711 608 751 676 τὰ
776 606 830 676 ἐπὶ
852 614 910 697 τῆς
933 617 1037 678 ΕΖΚ
1062 630 1118 698 ση-
1145 632 1147 637 ’

67 728 179 801 ομεῐα
206 714 243 783 ἓν
269 725 316 806 τῷ
340 721 404 782 ΑΒ
433 712 524 783 ἐστιν
553 713 707 809 ἐπιπέδῳ.
757 719 793 783 ἓν
823 716 861 784 δὲ
887 721 955 785 τῶν
983 714 1038 784 έπλ
1060 706 1119 804 τῆς

102 828 205 889 ΕΖΚ
226 817 361 899 εὐθείας
389 828 535 908 σημείων
563 821 633 889 ἐστὶ
659 821 698 890 τὸ
722 828 767 889 Κ·
795 822 833 890 τὸ
858 830 892 890 Κ
918 821 983 910 ἅμα
1012 820 1050 892 έν
1072 827 1118 916 τῷ

102 933 168 994 AB
200 925 291 993 ἔστιν
324 924 477 1020 ἐπιπέδῳ.
524 926 580 995 διὰ
613 925 653 994 τὰ
683 925 766 995 αὐτὰ
800 930 842 1014 δὴ
873 927 911 996 τὸ
935 935 970 996 Κ
995 929 1053 996 καί
1081 927 1118 998 ἐν

101 1037 146 1123 τῷ
171 1038 237 1100 ΓΔ
259 1029 351 1100 ἐστιν
374 1029 531 1124 ἐπιπέδῳ·
554 1033 594 1100 τὰ
619 1040 700 1120 ΑΒ,
723 1040 790 1102 ΓΛ
817 1033 883 1123 ἄρα
906 1030 1046 1102 ἐπίπεδα
1069 1033 1117 1103 έα-

101 1136 291 1223 βαλλόμενα
319 1143 577 1226 συμπεσοῦνται.
622 1136 663 1207 οῦ
692 1146 914 1227 συμπίπτουσι
938 1140 976 1208 δὲ
999 1140 1116 1209 διὰτὸ

50 1262 83 1311 10
102 1245 296 1331 παράλληλα
319 1242 532 1313 ὑποκεῖσθαι·
562 1241 623 1312 οῦκ
647 1244 712 1333 ἄρα
736 1249 773 1312 αί
792 1252 870 1331 ΕΖ,
893 1252 962 1312 ΗΘ
985 1243 1118 1313 εῦθείαι

101 1346 340 1437 ἐκβαλλόμεναι
364 1348 417 1418 ἐπὶ
440 1350 480 1419 τὰ
500 1358 543 1437 Ζ,
558 1359 587 1419 Θ
605 1353 688 1440 μέρη
708 1362 962 1439 συμπεσοῦνται.
995 1348 1119 1437 ὁμοίως

101 1456 143 1541 δὴ
169 1458 332 1543 δείξομεν,
357 1454 408 1526 ὅτι
432 1460 470 1524 αί
490 1464 566 1543 ΕΖ,
590 1464 658 1523 ΗΘ
681 1455 812 1526 εῦθεῐαι
837 1455 917 1526 οὐδὲ
939 1453 993 1524 ἐπὶ
1016 1455 1058 1524 τὰ
1073 1465 1117 1543 Ε,

100 1566 140 1627 Η
164 1563 246 1648 μέρη
271 1560 512 1648 ἐκβαλλόμεναι
536 1567 792 1650 συμπεσοῦνται.
837 1566 875 1630 αί
896 1562 934 1628 δὲ
957 1561 1010 1629 ἐπὶ
1036 1569 1118 1652 μηδ-

101 1667 196 1754 έτερα
228 1665 267 1732 τὰ
292 1667 373 1753 μέρη
398 1671 645 1753 συμπίπτουσαι
669 1668 881 1755 παράλληλοί
901 1669 996 1734 είσιν.
1035 1694 1117 1758 παμ-

49 1789 81 1837 15
101 1771 244 1857 ῦλληλος
268 1770 333 1860 ἄρα
357 1770 449 1840 ἐστὶν
472 1770 493 1859 ἡ
518 1781 580 1840 ΕΖ
603 1777 643 1861 τῇ
668 1779 744 1839 ΗΘ.

166 1874 243 1945 Ἐὰν
276 1876 341 1965 ἄρα
374 1879 437 1946 δύο
465 1878 604 1946 ἐπίπεδα
631 1877 827 1965 παράλληλα
858 1876 924 1947 ὑπὸ
958 1878 1120 1950 ἐπιπέδου

100 1982 192 2063 τινὸς
223 1985 395 2070 τέμνηται,
428 1988 466 2051 αί
493 1984 605 2052 κοιναὶ
638 1980 750 2050 αῦτῦν
783 1984 881 2071 τομαὶ
909 1985 1120 2075 παράλληλοι

101 2094 202 2157 είσιν·
227 2087 308 2178 ὅπερ
333 2094 400 2158 ἔδει
424 2092 538 2171 δείξαι.

583 2282 634 2364 ιζ’.

47 2423 82 2473 20
165 2406 253 2475 Ἐὰν
286 2407 358 2475 δύο
392 2404 551 2474 εῦθεῖαι
583 2403 658 2473 ὑπὸ
690 2409 952 2496 παραλλήλων
986 2412 1121 2480 ἐπιπε-

101 2517 183 2580 δων
210 2514 453 2600 τέμνωνται,
482 2517 537 2592 είς
563 2511 655 2592 τοὺς
683 2511 829 2594 αὐτοὺς
856 2515 1000 2602 λόγους
1022 2540 1121 2605 τμη-

101 2617 304 2704 θήσονται

169 2722 244 2790 Λῦο
273 2721 337 2810 γὰρ
367 2720 498 2789 εῦθεῖαι
527 2726 564 2789 αἱ
590 2731 670 2809 ΑΒ,
700 2729 766 2791 ΓΔ
792 2723 858 2793 ὑπὸ
891 2727 1120 2814 παραλλήλων

101 2831 266 2897 ἐπιπέδων
289 2832 358 2896 τῶν
380 2835 464 2912 ΗΘ,
493 2834 528 2895 Κ
532 2836 578 2914 Λ,
606 2836 689 2896 ΜΝ
707 2833 944 2918 τεμνέσθωσαν
967 2832 1050 2900 κατὰ
1076 2835 1119 2905 τδι

48 2952 81 3000 25
101 2945 147 3020 A,
167 2942 211 3020 Ε,
230 2941 274 3020 Β,
314 2940 357 3020 Γ,
377 2942 419 3018 Ζ,
439 2947 471 3002 Δ
490 2949 623 3022 σημεῖα·
649 2939 744 3022 λέγω,
769 2936 820 3005 ὅτι
839 2939 930 3006 ἐστὶν
950 2936 1122 3025 ὠςὴΑΕ

102 3039 220 3108 εῦθεία
243 3038 325 3128 πρὸς
347 3038 409 3127 τὴν
433 3047 512 3128 ΕΒ,
537 3039 643 3122 οῦτως
665 3041 686 3129 ἡ
711 3048 771 3110 ΓΖ
794 3042 878 3132 πρὸς
899 3042 962 3129 τὴν
986 3052 1062 3112 ΖΛ.

175 3261 197 3306 1.
217 3249 265 3324 τά]
283 3253 357 3322 (alt.)
377 3271 408 3307 su
429 3272 461 3310 ra
478 3272 529 3309 scr.
545 3273 581 3307 m.
597 3261 612 3308 2
628 3253 659 3308 Β.
714 3255 936 3325 συμπεσοῦνται]
957 3273 1011 3310 om.
1026 3256 1059 3311 V.

101 3319 283 3396 ἐκβεβλήσθω
303 3323 332 3377 in
350 3341 404 3379 ras.
442 3369 447 3381 .
504 3332 528 3379 2.
548 3323 598 3396 ὡς]
617 3325 648 3393 Ρ,
668 3325 689 3379 F
708 3343 744 3379 m.
765 3331 793 3392 13
813 3322 951 3394 πρότερον
971 3322 1008 3388 ὡς
1027 3328 1117 3398 BVb,

101 3395 178 3449 Fm.
195 3401 219 3448 2.
293 3400 317 3448 3.
336 3394 659 3467 wqdvsoov]om.BFV.
731 3395 870 3450 Postuat'
886 3397 1008 3466 spatium
1027 3399 1116 3457 fllitt.

100 3466 179 3534 reliq.
191 3486 221 3534 ῳ.
276 3466 386 3539 τῷΑΒ]
404 3464 449 3522 ἕνί
460 3468 488 3537 b,
503 3485 559 3537 mg.
574 3488 615 3536 γρ.
632 3462 663 3521 έν
677 3467 715 3540 τῷ
730 3471 778 3520 AB
799 3462 882 3521 ἔστιν.
946 3473 971 3522 4.
987 3463 1117 3545 ἐπιπέδῳ
