2340 3818
107 135 170 198 112
478 137 679 190 ΣΤΟΙΧΕΙΩΝ
698 134 749 192 ια’.

104 283 184 360 ΓΤ,
208 277 314 357 οὕτως
337 276 358 364 ἥ
381 304 416 345 τε
439 286 523 346 ΜΠ
543 278 639 364 βάσις
662 278 747 366 πρὸς
768 277 830 365 την
848 285 922 344 ΠΤ
940 277 1042 364 βάσιν
1064 285 1143 352 καὶ

103 381 141 450 τὸ
171 390 203 450 Γ
205 393 237 451 Δ
265 383 401 472 στερεὸν
433 384 515 472 πρὸς
541 385 580 453 τὸ
609 392 676 454 ΓΦ
704 384 849 474 στερεόν.
898 386 954 452 καὶ
983 383 1028 464 ῶς
1056 386 1143 474 ῶρα

103 488 141 557 τὸ
167 498 231 558 ΑΒ
255 489 390 575 στερεὸν
414 490 498 578 πρὸς
526 490 564 560 τό
588 499 654 560 ΓΦ
678 491 830 578 στερεόν,
859 492 966 572 οὕτως
992 489 1030 559 τὸ
1055 498 1145 562 ΓΔ

105 596 241 684 στερεὸν
263 596 348 682 πρὸς
370 595 407 664 τὸ
426 603 493 665 ΓΦ
516 597 666 685 στερεόν·
691 597 847 684 ἑκάτερον
866 596 932 683 άρα
950 600 1020 665 τῶν
1038 607 1074 664 Α
1079 607 1144 683 Β,

69 709 168 778 εΓΔ
199 706 283 791 πρὸς
311 704 348 770 τὸ
377 709 446 770 ΓΦ
476 701 537 771 τὸν
565 701 669 771 αὐτὸν
699 708 765 791 ἔχει
792 703 903 790 λόγον.
950 710 1027 771 ἴσον
1055 703 1146 793 α”ρα

106 810 176 877 ἐστὶ
194 807 232 878 τὸ
253 817 318 877 ΑΒ
338 808 474 894 στερεὸν
493 812 539 900 τῶ
560 815 627 876 ΓΛ
646 813 769 901 στερεῷ
788 807 883 896 [ὅπερ
903 812 970 876 ἔδει
990 810 1146 891 δεῖξαι]

171 913 232 1001 Μὴ
257 919 406 983 ἔστωσαν
430 912 471 1001 δὴ
495 919 533 982 αἱ
554 918 768 1002 ἐφεστηκυῖαι
786 919 824 982 αί
839 923 918 1001 ΖΕ,
941 921 1019 1001 ΒΛ,
1038 919 1118 983 HA
1132 952 1149 987 a

106 1027 186 1106 ΘΚ,
223 1024 305 1107 ΞΝ,
330 1028 414 1106 ΔΟ,
437 1027 526 1107 ΜΓ,
552 1029 621 1090 ΡΠ
644 1021 728 1108 πρὸς
755 1019 864 1106 ὀρθάς
886 1034 958 1100 ταῖς
981 1021 1151 1107 βάσεσιΦ

105 1125 230 1212 αὐτῶν,
260 1127 315 1194 καὶ
342 1125 505 1215 ἤχθωσαν
529 1125 594 1195 άπὸ
617 1132 685 1196 τῶν
709 1136 750 1213 Ζ,
778 1134 828 1213 H,
856 1135 900 1213 Β,
929 1134 977 1212 Κ,
1001 1131 1043 1213 Ξ,
1063 1124 1131 1195 M
1149 1159 1158 1193 ι

54 1259 87 1309 10
107 1241 155 1318 Δ,
170 1240 200 1298 Ρ
211 1240 357 1319 σημείων
372 1234 424 1301 ἐπὶ
443 1232 482 1300 τὰ
498 1232 555 1300 ὃιά
569 1238 639 1302 τῶν
649 1242 726 1319 ΕΘ,
741 1241 819 1300 ΝΠ
830 1235 968 1301 ἐπίπεδα
979 1233 1115 1303 κάθετιν
1136 1240 1162 1283 ¹

104 1339 160 1406 καὶ
184 1341 465 1426 συμβαλλέτωσαν
487 1353 557 1420 τοῖς
580 1341 748 1420 ἐπιπέδοις
769 1338 852 1408 κατά
875 1341 916 1407 τὰ
939 1347 988 1426 Σ,
1016 1347 1055 1426 Τ,
1077 1329 1166 1406 s'a

108 1452 154 1528 Φ,
179 1453 222 1530 Χ,
251 1453 300 1531 Ψ,
328 1452 376 1532 Ω,
405 1465 439 1532 ς,
467 1447 523 1513 καὶ
553 1446 852 1535 συμπεπληρώσθω
880 1445 920 1513 τὰ
945 1453 1027 1531 ΖΦ,
1054 1431 1166 1523 EQ

106 1550 235 1637 στερεά·
259 1552 355 1637 λέγω,
379 1550 430 1619 ὅτι
448 1552 504 1618 καὶ
523 1550 630 1630 οὕτως
648 1559 732 1620 λ’σων
752 1551 862 1620 ὄντων
880 1555 948 1619 τῶν
963 1560 1029 1619 AB
1034 1605 1044 1639 ,
1057 1547 1166 1620 ΓΛ

107 1661 250 1744 στερεῶν
279 1656 568 1726 ἀντιπεπόνθασιν
597 1661 634 1724 αἱ
660 1656 774 1743 βάσεις
801 1671 872 1736 τοῖς
897 1657 1036 1743 ὕφεσιν,
1062 1667 1166 1725 now

53 1789 87 1839 ιε
107 1767 197 1832 ἐστιν
221 1763 266 1844 ῶς
288 1763 309 1851 ἡ
329 1771 392 1831 ΕΘ
415 1764 512 1849 βάσις
534 1762 618 1852 πρὸς
639 1762 701 1849 τὴν
720 1772 798 1831 ΝΠ
818 1764 929 1849 βάσιν,
955 1762 1060 1844 οὕτως
1080 1744 1166 1830 vd

106 1881 167 1937 τοῦ
181 1876 248 1937 ΓΛ
272 1874 407 1959 στερεοῦ
429 1868 516 1950 ὕψος
538 1868 621 1956 πρὸς
642 1869 680 1938 τὸ
704 1874 764 1938 τοῦ
780 1877 845 1936 ΑΒ
869 1874 1007 1957 στερεοῦ
1025 1869 1166 1952 ῶφοέ

170 1973 260 2043 Ἐπεὶ
289 1985 364 2044 λ’σον
397 1977 465 2043 ἐστὶ
497 1974 534 2044 τὸ
563 1982 627 2042 ΑΒ
656 1977 790 2060 στερεὸν
817 1979 863 2067 τῷ
891 1981 959 2043 ΓΔ
987 1974 1166 2070 στερεηὸῗ4

107 2078 189 2147 ἀλλὰ
217 2080 255 2149 τὸ
280 2081 342 2167 μὲν
364 2089 432 2149 ΑΒ
454 2085 499 2174 τῶ
524 2089 592 2149 ΒΤ
611 2084 702 2149 ἐστιν
725 2089 813 2148 ἴσον·
842 2082 898 2147 ἐπί
916 2106 951 2149 τε
975 2081 1040 2171 γάρ
1063 2084 1118 2169 v?
1141 2093 1166 2146 A

107 2185 210 2272 αὐτῆς
242 2186 371 2272 βάσεῶς
402 2192 466 2255 εἰσι
498 2191 556 2274 της
585 2193 651 2254 ΖΚ
678 2188 733 2254 καὶ
761 2184 827 2255 ὑπὸ
854 2186 891 2254 τὸ
925 2186 1007 2256 αὐτὸ
1035 2186 1121 2270 ὕνιν
1140 2199 1166 2252 ἑ

53 2319 88 2368 20
108 2282 171 2374 [ῶν
195 2295 233 2358 αἱ
253 2295 440 2379 ἐφεστῶσαι
463 2290 524 2360 οὐκ
548 2295 633 2360 εἰσὶν
658 2293 710 2360 ἐπὶ

106 2399 143 2465 τὸ
174 2397 211 2464 δὲ
237 2404 305 2465 ΓΔ
332 2399 468 2485 στερεὸν
494 2403 540 2489 τῷ
569 2405 651 2464 ΔΨ
674 2402 764 2467 ἐστιν
792 2407 879 2467 ἴσον·
913 2403 969 2469 ἐπί
995 2427 1030 2468 τε
1058 2402 1165 2489 γάρ

107 2503 211 2571 πάλιν
234 2507 292 2590 τῆς
314 2501 417 2589 αὐτῆς
440 2503 566 2589 βάσεῶς
589 2507 653 2571 εἰσι
672 2508 730 2590 τῆς
744 2509 805 2581 ΡΞ
820 2506 876 2572 καὶ
895 2503 960 2573 ὑπὸ
979 2505 1018 2574 τά
1038 2493 1159 2575 αὐτὸ

107 2606 194 2690 ὕφος
219 2600 282 2692 [ῶν
306 2611 344 2675 αλ
364 2609 549 2694 ἐφεστῶσαι
573 2607 636 2676 οὐκ
659 2610 745 2678 εἰσὶν
769 2612 821 2678 ἐπὶ
844 2616 911 2679 τῶν
934 2611 1049 2680 αὐτῶν
1069 2608 1151 2681 a&

107 2719 242 2799 θειῶν]·
265 2716 320 2782 καὶ
343 2712 381 2782 τὸ
400 2721 468 2781 ΒΤ
487 2712 552 2799 άρα
576 2715 712 2802 στερεὸν
736 2720 781 2808 τῷ
797 2725 877 2784 ΛΨ
897 2722 1019 2810 στερεῷ
1045 2726 1146 2788 ἴσον

55 2848 88 2896 25
110 2823 199 2888 ἐστίν
229 2823 310 2904 [τῶν
340 2820 378 2887 δὲ
406 2829 489 2889 λ’σων
517 2826 660 2909 στερεῶν
687 2825 1044 2910 παραλληλεπιπέδων,
1073 2815 1158 2893 ῶν·

107 2926 147 2993 τά
175 2924 245 3011 ὕφη
273 2923 356 3013 πρὸς
385 2922 492 3015 ὀρθάς
519 2929 586 2995 ἐστι
616 2942 689 3008 ταῖς
711 2927 851 3012 βάσεσιν
875 2927 1004 3016 αὐτῶν,
1033 2928 1132 2999 άντι·

108 3055 320 3063 ———---——

197 3127 222 3177 2.
242 3118 368 3210 στερεόν]
393 3122 464 3191 (alt.)
489 3139 542 3177 om.
562 3121 592 3174 B.
712 3128 736 3176 6.
757 3117 827 3191 ὅπερ
851 3121 910 3177 ἔδει
928 3125 1036 3196 δεῖξαι]
1067 3119 1120 3178 del.

108 3196 225 3260 August.
282 3199 305 3246 7.
326 3195 376 3263 μη]
397 3208 412 3246 ο
431 3210 498 3248 corr.
519 3212 555 3248 m.
575 3193 632 3247 Π.
684 3190 730 3263 αἱ]
751 3194 850 3263 (prius)
870 3211 924 3249 om.
943 3194 1005 3251 FV.
1056 3189 1119 3261 ΒΛ]

109 3281 193 3331 supra
213 3269 363 3320 nomm.
386 3272 398 3318 1
419 3264 445 3317 b.
537 3269 561 3319 8.
583 3264 650 3333 ΘΚ]
670 3281 755 3333 supra
774 3281 825 3319 scr.
844 3271 884 3320 A?
903 3284 939 3321 m.
962 3264 1022 3320 lb.

109 3341 133 3387 9.
153 3334 195 3403 K]
216 3348 284 3388 corr.
304 3350 338 3388 ex
358 3334 433 3388 PV.
489 3341 530 3389 10.
551 3330 666 3403 ἐπείΡ,
687 3339 716 3389 et
733 3335 771 3402 V,
792 3336 840 3389 sed
859 3353 927 3391 corr.
983 3332 1045 3407 διά]
1066 3351 1113 3390 om.

109 3403 139 3456 B.
195 3406 261 3457 NH
279 3401 387 3486 βάσεων
403 3406 431 3458 Β.
489 3412 529 3459 11.
550 3403 840 3476 συμβαλὲτωσανΡἾ.
895 3406 935 3478 Σ]
954 3408 1055 3476 postea
1068 3405 1113 3460 ins.

96 3474 135 3535 B;
152 3492 205 3529 ma
224 3483 240 3529 1
260 3477 316 3531 lm.
340 3476 363 3532 b.
432 3481 475 3534 12.
495 3476 523 3549 ς]
543 3492 639 3532 renou.
656 3494 694 3531 m.
713 3482 730 3530 ‘2
746 3476 776 3531 B.
830 3477 897 3532 Post
915 3492 932 3535 ς
950 3478 980 3532 in
999 3479 1053 3533 fine
1070 3475 1112 3530 lin.
1154 3538 1161 3549 ,
