2340 3818
101 153 165 217 100
473 153 675 206 ΣΤΟΙΧΕΙΩΝ
694 149 744 206 ια’.

167 294 448 381 Παραβεβλήσθω
477 299 542 381 γὰρ
570 298 659 383 παρὰ
687 323 750 382 την
780 302 847 362 ΖΗ
874 297 919 385 τῷ
943 299 1013 360 ΑΕ
1038 299 1106 361 ίσο

99 404 137 469 τδ
163 408 238 488 ΖΘ,
268 402 323 468 καὶ
346 401 412 470 άπὸ
441 401 570 488 βάσεως
592 401 653 488 μὲν
676 405 734 486 τῆς
758 408 834 487 ΖΘ,
861 398 971 480 ὕψους
993 398 1031 466 δὲ
1053 424 1106 466 το

101 506 208 576 αὐτοῦ
238 512 284 601 τῷ
309 514 376 576 ΓΛ
403 511 540 595 στερεὸν
568 510 899 596 παραλληλεπίπεδον
928 513 1106 592 σομπεπλτ

100 613 223 700 ράσθω
246 640 284 681 το
308 620 389 682 HK.
419 622 495 681 ἴσον
518 613 561 699 δή
586 616 654 681 ἐστι
677 616 714 680 τὸ
730 621 794 680 ΑΒ
819 633 955 700 στερεον
977 622 1024 703 τῷ
1044 618 1093 678 Η

66 724 235 809 σστερεῷ·
266 722 322 787 ἐπί
346 745 380 787 τε
403 746 468 805 γαρ
497 727 580 786 ίσων
608 719 741 806 βάσεών
765 724 830 786 είσι
852 722 919 787 τῶν
944 725 1026 805 ΑΕ,
1055 725 1106 785 Ζ

100 825 156 892 καὶ
183 822 248 893 ὑπὸ
277 823 314 892 τδ
345 822 426 893 αὐτο
455 825 552 907 ὕψος.
596 827 652 893 καί
676 825 746 893 ἐπεὶ
770 828 906 914 στερεὸν
929 833 1103 912 παραλλη

101 936 258 999 επίπεδον
281 934 319 999 τὸ
340 937 407 1000 ΓΚ
425 932 568 1023 ἐπιπέδῳ
586 937 632 1024 τῷ
653 940 730 999 ΔΗ
743 934 896 1019 τέτμηται
914 931 1106 1019 παραλλῆλ

101 1037 176 1106 ὄντι
198 1051 269 1117 τοῖς
291 1035 495 1106 ἀπεναντίον
519 1041 702 1125 ἐπιπέδοις,
730 1044 821 1107 ἔστιν
849 1037 915 1126 άρα
943 1035 988 1118 άς
1010 1035 1031 1125 ἡ
1056 1042 1106 1104 Γ

100 1145 196 1228 βάσις
227 1146 312 1230 πρὸς
342 1169 404 1230 την
434 1151 495 1212 ΖΘ
526 1145 642 1231 βάσιν,
675 1143 782 1224 οὕτως
812 1170 850 1213 το
879 1151 949 1213 ΓΔ
980 1141 1104 1232 στερεὸ

49 1265 81 1315 10
100 1251 184 1335 πρὸς
214 1251 252 1317 τὸ
282 1257 349 1318 ΔΘ
382 1251 528 1338 στερεόν.
579 1259 634 1338 ίση
663 1251 701 1318 δὲ
728 1248 749 1336 ἡ
777 1250 839 1337 μὲν
867 1258 928 1318 ΖΘ
955 1251 1052 1338 βάσις
1083 1272 1106 1315 τ

101 1363 169 1422 ΑΕ
189 1355 299 1442 βάσει,
323 1360 361 1425 τὸ
387 1357 424 1425 δὲ
447 1365 522 1425 ΗΚ
543 1360 680 1444 στερεὰν
702 1361 747 1448 τῷ
772 1365 836 1424 ΑΒ
860 1361 996 1450 στερεῷ·
1026 1363 1106 1424 ἔστιι

100 1458 166 1549 άρα
189 1462 244 1529 καί
272 1459 360 1548 ὡςὴ
387 1473 419 1530 A
426 1471 457 1532 E
479 1463 576 1548 βάσις
598 1467 681 1550 πρὸς
703 1466 765 1550 τὴν
788 1470 849 1532 ΓΖ
871 1463 983 1550 βάσιν,
1012 1462 1106 1532 οὕτω,

100 1569 137 1634 τδ
163 1575 227 1635 AB
252 1572 388 1657 στερεὸν
411 1571 496 1655 πρὸς
518 1571 555 1635 τδ
580 1574 613 1635 Γ
612 1577 646 1635 Δ
669 1568 813 1656 στερεόν.

171 1677 219 1741 Τὰ
243 1673 308 1763 άρα
331 1673 396 1743 ὑπο
421 1678 459 1743 τὸ
484 1673 566 1742 αὐτὸ
589 1673 677 1757 ὕψος
696 1672 777 1743 ὄντα
797 1679 912 1763 στερεὰ
931 1683 1106 1763 παραλληλ·

49 1796 82 1845 15
101 1784 241 1848 επίπεδα
267 1784 351 1868 πρὸς
379 1778 506 1866 άλληλά
535 1783 625 1848 ἐστιν
653 1777 698 1861 ιδς
721 1785 758 1848 αι’
782 1781 910 1868 βάσεις·
943 1781 1025 1871 ὅπερ
1048 1788 1106 1852 ἔδει

103 1888 215 1967 δεῖξαι.

577 1977 640 2062 λγ’.

173 2084 225 2147 Τὰ
249 2078 366 2166 ὅμοια
387 2084 526 2168 στερεά
545 2087 917 2168 παραλληλεπίπεδα
934 2079 1033 2172 πρὸς
1051 2082 1106 2153 άλ·

102 2193 200 2270 ληλα
228 2188 268 2253 ἐν
297 2193 552 2274 τριπλασίονι
582 2187 684 2278 λόγῳ
710 2188 787 2254 εἰσὶ
809 2191 885 2256 τῶν
909 2186 1106 2276 ὁμολόγων

49 2308 83 2358 20
102 2294 291 2377 πλευρῶν.

159 2394 268 2463 Ἔστω
293 2393 394 2481 ὅμοια
419 2399 534 2481 στερεὰ
553 2405 865 2484 παραλληλεπίπεδα
882 2403 923 2468 τὰ
942 2410 1023 2486 ΑΒ,
1042 2409 1101 2471 ΓΔ

104 2500 266 2589 ὁμόλογος
293 2501 331 2569 δὲ
359 2506 442 2568 ἔστω
471 2498 491 2587 ἡ
520 2509 589 2568 ΑΕ
613 2507 652 2592 τῇ
681 2511 754 2572 ΓΖ·
782 2509 882 2593 λέγω,
912 2505 963 2575 ὅτι
990 2534 1028 2577 το
1053 2516 1106 2576 ΑΙ

104 2611 239 2695 στερεὸν
262 2610 346 2694 πρὸς
369 2610 406 2675 τὸ
426 2613 494 2674 ΓΔ
518 2612 652 2694 στερεὸν
675 2619 895 2697 τριπλασίονα
917 2613 1022 2700 λόγον
1041 2620 1105 2704 ἔχει

104 2711 186 2800 ἥπερ
210 2711 230 2800 η
252 2721 322 2783 ΛΕ
342 2716 425 2801 πρὸς
447 2717 509 2801 τὴν
533 2721 602 2781 ΓΖ.

51 2838 85 2888 25
167 2817 469 2907 Ἐκβεβλήσθωσαν
496 2823 561 2907 γάρ
589 2819 639 2889 ἐπ’
670 2823 804 2907 εὐθείας
830 2841 903 2908 ταῖς
925 2836 957 2896 Α
965 2835 1010 2915 Ε,
1034 2835 1105 2895 ΗΕ

105 2934 171 2993 ΘΕ
191 2929 228 2992 αί
243 2933 326 3013 ΕΚ,
350 2934 431 3012 ΕΛ,
450 2932 539 3013 EM,
563 2928 619 2995 καὶ
640 2936 766 2999 κείσθω
789 2937 829 3021 τῇ
853 2933 914 3020 μὲν
933 2940 994 3000 ΓΖ
1018 2943 1074 3022 ἴση
1097 2935 1106 3002 ι’

107 3038 187 3116 ΕΚ,
211 3035 251 3119 τῇ
276 3031 313 3099 δὲ
332 3039 399 3099 ΖΝ
423 3040 478 3119 ίση
497 3029 518 3118 ἡ
539 3041 619 3120 ΕΛ,
643 3036 698 3102 καὶ
717 3042 764 3104 ἔτι
782 3041 822 3126 τῇ
842 3046 904 3105 ΖΡ
919 3047 974 3126 ίση
994 3037 1104 3127 ἡΕΜ

105 3139 161 3204 καὶ
194 3138 492 3225 συμπεπληρώσθω
521 3165 558 3207 το
588 3147 622 3207 Κ
626 3143 661 3207 Λ
689 3144 1036 3233 παραλληλόγραμμον
1063 3173 1105 3215 κα

106 3269 143 3311 το
167 3250 234 3310 ΚΟ
257 3246 399 3330 στερεόν.

178 3409 203 3457 3.
222 3403 273 3475 τῷ]
293 3402 326 3457 τό
344 3406 409 3473 post
426 3404 488 3472 ins„
509 3420 588 3460 σοαπ.
606 3406 641 3472 F;
670 3424 822 3477 suprascr.
842 3409 875 3464 V.
966 3410 1015 3465 καὶ
1034 3429 1106 3482 σνμπ

100 3474 123 3525 h,
196 3480 220 3528 4,
237 3471 317 3529 ἐστιν
335 3474 365 3530 Ρ.
437 3480 463 3532 5.
482 3475 525 3548 τε]
546 3493 599 3534 om.
617 3476 646 3531 b.
718 3476 786 3549 slat]
804 3475 861 3534 ἐστι
880 3481 911 3549 Β,
931 3498 985 3538 om.
1004 3482 1063 3538 FV.
