2340 3818
101 132 167 195 374
497 133 680 186 APPENDIX
697 134 719 186 Ι.

99 275 201 359 λέγω,
231 271 281 340 ὅτι
309 272 349 340 τὰ
377 271 442 341 ιἰτιὸ
472 275 541 341 τῶν
564 279 644 358 AB,
672 279 738 340 ΒΓ
760 271 940 361 τριπλάσιά
966 274 1039 339 ἐστι
1061 275 1125 339 τοῦ

100 376 164 446 ιἰιιὸ
190 385 265 447 AF.

164 484 253 553 Ἐπεὶ
275 484 339 572 γὰρ
358 485 397 554 τὰ
418 482 482 554 ἀπὸ
503 489 570 554 τῶν
594 493 671 571 AB,
690 492 756 554 ΒΓ
770 483 949 573 τριπλάσια
971 487 1042 552 ἐστι
1059 486 1122 550 τοῦ

99 589 165 659 ἀπὸ
189 598 264 678 AF,
288 591 373 660 ἄλλα
396 591 436 659 τὰ
460 589 526 660 ἀπὸ
549 596 617 660 τῶν
635 599 717 678 ΑΒ,
736 598 803 659 ΒΓ
821 589 859 659 τὸ
884 591 936 670 θὶς
959 587 1026 658 ὑπὸ
1053 591 1122 656 τῶν

65 705 181 783 οΑΒ,
200 703 268 765 ΒΓ
286 701 355 766 ἐστι
378 697 458 785 μετὰ
481 701 543 766 τοῦ
562 695 628 767 ἀπὸ
648 704 724 784 AF,
747 695 785 766 τὸ
806 695 873 785 ἄρα
893 699 945 777 θὶς
965 694 1031 764 ὑπὸ
1054 698 1121 763 τῶν

98 813 182 890 AB,
201 810 269 873 ΒΓ
288 803 368 891 μετὰ
392 809 452 874 τοῦ
477 801 543 873 ἀπὸ
563 812 632 874 AF
650 803 848 893 τριπλάσιόν
874 806 944 871 ἐστι
966 806 1029 871 τοῦ
1054 799 1119 869 ἀπὸ

98 917 177 979 AF·
201 911 348 979 διελόντι
366 914 403 980 τὸ
423 909 489 996 ἄρα
508 912 561 991 δὶς
579 908 645 980 ὑπὸ
664 918 748 997 ΑΒ,
768 916 835 978 ΒΓ
848 908 1031 978 διπλάσιόν
1052 911 1120 976 ἐστι

98 1020 159 1083 τοῦ
183 1014 247 1084 ἀπὸ
271 1022 349 1084 AF·
379 1017 463 1084 ὥστε
490 1015 528 1086 τὸ
556 1015 622 1086 ὑπὸ
650 1028 720 1086 ταῖν
742 1025 825 1104 ΑΒ,
853 1023 919 1085 ΒΓ
943 1025 1021 1085 ἴσον
1052 1014 1119 1083 ἐστὶ

98 1126 144 1214 τῷ
167 1121 233 1190 ἀπὸ
256 1127 403 1208 τηςΑΓ.
440 1128 509 1191 ἔστι
533 1126 583 1192 δέ·
606 1121 627 1210 ἡ
650 1122 715 1212 γὰρ
730 1131 795 1192 ΑΒ
815 1122 921 1211 ἄκρον
939 1123 995 1190 καὶ
1014 1124 1118 1209 μέσον

49 1242 81 1291 10
101 1227 204 1315 λόγον
227 1231 380 1317 τέτμηται
403 1228 548 1297 κατὰτὸ
572 1236 608 1298 Γ.

471 1421 518 1490 Ἡ
536 1422 742 1504 σύνθεσις.

163 1542 251 1612 Ἐπεὶ
274 1543 379 1632 ἡΑΒ
403 1547 508 1633 ἄκρον
533 1548 589 1615 καὶ
612 1549 715 1634 μέσον
734 1547 838 1634 λόγον
856 1549 1011 1634 τέτμηται
1034 1546 1116 1615 κατὰ

98 1648 136 1718 τὸ
155 1657 194 1736 Γ,
217 1657 277 1720 καί
296 1656 365 1721 ἐστι
388 1660 500 1739 μεῖζον
523 1657 633 1740 τμῆμα
655 1651 676 1740 η
697 1660 772 1739 AF,
796 1651 834 1721 τὸ
858 1651 924 1740 ἄρα
946 1650 1013 1721 ὑπὸ
1035 1660 1123 1738 AB,

98 1763 164 1826 ΒΓ
184 1766 258 1826 ἴσον
278 1760 351 1828 έστὶ
374 1764 419 1851 τῷ
444 1757 510 1828 ἀπὸ
529 1765 607 1827 ΑΓ·
630 1757 667 1827 τὸ
692 1757 758 1848 ἄρα
782 1760 834 1841 θὶς
856 1757 923 1828 ὑπὸ
946 1767 1031 1845 ΑΒ,
1056 1764 1120 1827 ΒΓ

46 1876 79 1926 15
99 1864 280 1933 διπλάσιόν
299 1867 368 1932 ἐστι
387 1867 448 1931 τοῦ
467 1861 532 1930 ἀπὸ
552 1872 584 1931 A
590 1869 629 1931 F·
654 1865 816 1932 συνθέντι
834 1863 872 1931 τὸ
892 1862 959 1951 ἄρα
978 1864 1032 1944 δὶς
1050 1862 1113 1932 ὑπὸ

98 1972 166 2037 τῶν
188 1977 269 2056 ΑΒ,
293 1975 360 2037 ΒΓ
378 1967 459 2056 μετὰ
480 1973 541 2036 τοῦ
565 1967 629 2069 ἆτὸ
648 1975 718 2037 AF
735 1969 935 2058 τριπλάσιόν
959 1972 1030 2038 ἐστι
1054 1973 1113 2038 τοῦ

98 2071 163 2143 ἀπὸ
192 2082 266 2145 AF.
303 2073 451 2143 ἆλλὰτὸ
481 2077 533 2155 δὶς
560 2072 625 2142 ὑπὸ
652 2078 722 2143 τῶν
744 2083 826 2162 ΑΒ,
854 2081 922 2143 ΒΓ
945 2080 1028 2163 μετὰ
1055 2080 1114 2144 τοῦ

99 2178 164 2247 ιἰτὸ
193 2185 251 2266 τῆς
274 2188 342 2249 AF
364 2181 405 2248 τὰ
433 2179 497 2249 ἀπὸ
521 2185 590 2249 τῶν
613 2189 694 2266 AB,
722 2186 789 2248 ΒΓ
812 2184 880 2249 ἐστι
909 2181 1113 2269 τετράγωνα·

98 2283 138 2351 τὰ
157 2284 223 2372 ἄρα
242 2284 305 2354 οάιὸ
326 2291 394 2355 τῶν
408 2294 489 2374 ΑΒ,
508 2293 574 2355 ΒΓ
587 2286 765 2375 τριπλάσιά
786 2291 854 2356 ἐστι
871 2288 1020 2373 τοῦοῖιιὸ
1034 2298 1067 2357 A
1074 2295 1113 2357 F·

47 2403 81 2454 20
102 2389 182 2476 ὅπερ
206 2394 274 2458 ἔδει
298 2393 411 2472 δεῖξαι.

213 2590 289 2654 Τοῦ
309 2599 328 2654 ε
351 2586 608 2674 θεωρήματος
630 2585 651 2674 ἡ
675 2584 870 2666 ἆνάλοσις
891 2588 956 2654 καὶ
980 2585 1000 2675 ἡ

502 2692 703 2773 σύνθεσις.

166 2813 296 2883 Εὐθεῖα
318 2816 383 2904 γάρ
406 2844 456 2897 τις
479 2815 499 2904 ἡ
519 2824 587 2885 ΑΒ
610 2815 717 2904 ἄκρον
739 2818 795 2885 καὶ
818 2818 921 2904 μέσον
939 2816 1046 2903 λόγον
1066 2844 1116 2885 τε·

97 2918 237 3005 τμήσθιο
265 2921 347 2988 κατὰ
376 2920 413 2990 τὸ
442 2931 480 3009 Γ,
513 2922 570 2990 καὶ
603 2928 685 2990 ἔσται
714 2929 827 3010 μεῖζον
852 2927 964 3009 τμῆμα
991 2920 1013 3010 η
1042 2929 1117 3008 AF,

46 3055 79 3106 25
98 3025 153 3091 καὶ
176 3036 215 3115 τῇ
230 3033 298 3094 AF
318 3035 373 3114 ἴση
396 3035 522 3096 κείσθω
545 3026 665 3115 ἡΑΔ·
688 3030 789 3114 λέγω,
814 3027 865 3096 ὅτι
884 3025 904 3115 ἡ
920 3035 987 3095 ΔΒ
1007 3026 1117 3117 ἄκρον

97 3131 152 3197 καὶ
181 3132 284 3218 μέσον
311 3131 414 3218 λόγον
442 3135 596 3221 τέτμηται
618 3132 701 3201 κατὰ
724 3133 762 3201 τὸ
787 3142 833 3218 A,
860 3133 977 3201 καὶτὸ
1001 3141 1118 3220 μεῖζον

98 3237 208 3324 τμῆμά
232 3241 322 3306 ἐστιν
345 3235 366 3324 ἡ
390 3245 464 3307 AB.

170 3386 193 3434 ὅ.
213 3382 276 3451 τοῦ]
298 3398 351 3435 om.
374 3378 404 3432 V.
514 3387 537 3436 6.
558 3379 632 3436 ἔστιν
652 3381 683 3436 P.
793 3386 816 3436 ⁷.
835 3381 892 3435 τῶν
910 3387 960 3436 ΑΒ
980 3382 1013 3438 V.

90 3448 244 3509 διπλάσιον
264 3484 297 3492 -
318 3455 342 3508 8.
363 3450 435 3524 ΒΓ]
456 3468 512 3508 om.
530 3469 558 3522 q.
632 3457 660 3506 8.
677 3448 797 3522 τόξον.
812 3451 841 3505 h.
913 3448 982 3522 ὑπό]
1000 3450 1061 3509 ἀπό
1082 3455 1117 3522 V,
