2340 3818
511 157 693 210 APPENDIX
711 159 747 213 11.
1069 153 1132 217 411

121 299 159 368 δὲ
182 296 219 366 τδ
244 305 283 366 Ν
302 311 448 384 σημεῖον.
491 294 574 365 άλλά
597 297 654 364 καὶ
677 302 826 366 ἔλαττον·
851 295 932 386 ὅπερ
955 296 1136 367 ἀδύνατον.

122 405 186 473 ούκ
210 402 275 491 άρα
298 404 390 472 ἐστὶν
413 401 457 483 ὡς
481 400 500 472 6
520 409 653 471 ΑΒΓΔ
671 401 792 483 κύκλος
814 401 897 490 πρὸς
919 403 980 472 τὸν
1000 412 1136 473 ΕΖΗΘ

119 503 261 596 κύκλον,
292 507 398 590 οὕτως
426 507 444 578 6
468 514 676 577 ΑΒΓΔΚΛ
703 513 811 590 κῶνος
836 509 921 598 πρὸς
944 510 1080 578 ἔλαττόν
1103 536 1135 578 τι

121 621 182 686 τού
206 623 347 685 ΕΖΘΝ
364 614 477 684 κώνου
501 614 646 702 στερεόν.

70 763 97 808 .
189 724 274 810 λέγω
299 722 341 809 δὴ
366 720 446 790 οὐδὲ
468 721 552 810 πρὸς
575 728 695 808 μεῖζον.
732 727 763 789 εἰ
783 726 848 810 γάρ
868 722 1026 809 δυνατόν,
1050 727 1134 791 ἔστω

119 829 205 918 πρὸς
227 835 339 915 μεῖζον
362 826 399 896 τὸ
418 839 459 897 Λ.
504 824 674 896 άνάπαλιν
697 826 763 915 άρα
786 829 877 897 ἐστὶν
896 829 941 909 ώς
960 827 977 897 6
997 837 1135 898 ΕΖΗΘ

118 935 241 1014 κύκλος
263 935 346 1021 πρὸς
367 933 429 1002 τὸν
447 940 581 1002 ΑΒΓΔ
598 933 738 1019 κύκλον,
762 932 868 1015 ούτοος
889 934 927 1003 τὸ
947 945 979 1003 Α
997 936 1134 1024 στερεὸν

118 1039 204 1128 πρὸς
225 1042 286 1108 τὸν
305 1045 473 1108 ΑΒΓΔΛ
495 1043 616 1108 κώνου.
654 1038 698 1119 ὡς
722 1039 759 1108 δὲ
781 1039 818 1108 τὸ
838 1048 871 1108 Α
893 1040 1030 1129 στερεὸν
1051 1041 1135 1130 πρὸς

118 1144 180 1215 τὸν
202 1152 372 1213 ΑΒΓΔΛ
399 1148 523 1231 κώνου,
552 1143 659 1225 οὕτως
682 1144 700 1214 6
725 1152 904 1213 ΕΖΗΘΝ
921 1157 1029 1226 κῶνος
1052 1147 1135 1234 πρὸς

118 1250 257 1320 ἔλαττόν
283 1277 323 1319 τι.
343 1255 403 1320 τοῦ
429 1256 598 1320 ΑΒΓΔΛ
624 1251 737 1320 κώνου
764 1251 908 1339 στερεόν.
953 1250 999 1332 ὡς
1026 1251 1091 1341 άρα
1115 1251 1132 1322 6

118 1364 256 1426 ΕΖΗΘ
287 1357 408 1437 κύκλος
439 1356 523 1445 πρὸς
554 1355 614 1424 τδν
641 1363 775 1426 ΑΒΓΔ
806 1358 947 1444 κύκλον,
980 1357 1087 1438 οὕτως
1114 1357 1132 1428 6

118 1470 300 1532 ΕΖΗΘΝ
331 1475 440 1543 κώυος
472 1460 554 1549 πρὸς
586 1463 724 1532 ἔλαττόν
760 1489 791 1531 τι
827 1469 889 1532 τοῦ
923 1463 1037 1533 κώνου
1072 1476 1133 1534 τοῦ

119 1571 326 1658 ΑΒΓΔΛΙ)
355 1571 507 1656 στερεοῦ·
540 1566 621 1656 ὅπερ
649 1566 820 1638 άδύνατον
848 1570 1021 1639 δέδεικται.
1071 1568 1133 1639 ούκ

119 1675 184 1764 ἄρα
208 1676 299 1745 ἐστὶν
322 1673 368 1756 ὡς
390 1674 408 1744 6
433 1680 566 1744 ΑΒΓΔ
588 1675 709 1756 κύκλος
730 1675 813 1761 πρὸς
835 1675 896 1743 τὸν
919 1683 1054 1744 ΕΖΗΘ
1076 1676 1132 1744 κύ-

117 1791 216 1869 κλον,
249 1781 355 1863 οὕτως
383 1780 402 1850 6
430 1788 600 1850 ΑΒΓΔΛ
629 1785 736 1861 κῶνος
762 1781 846 1868 πρὸς
873 1781 984 1868 μεῖζόν
1011 1808 1043 1849 τι
1070 1787 1132 1851 τοῦ

119 1895 298 1958 ΕΖΗΘΝ
317 1887 430 1956 κώνου
453 1885 598 1975 στερεόν.
635 1891 770 1974 ἐδείχθη
794 1889 846 1973 δέ,
870 1886 921 1956 ὅτι
945 1885 1026 1956 οὐδὲ
1048 1887 1132 1976 πρὸς

118 1999 263 2063 ἔλαττον.
314 2001 404 2064 ἐστιν
437 1995 503 2084 άρα
535 1993 580 2075 ὥς
610 1993 628 2065 6
657 2000 788 2062 ΑΒΓΔ
815 1993 936 2074 κύκλος
961 1994 1045 2082 πρὸς
1072 1993 1132 2062 τὸν

119 2108 253 2169 ΕΖΗΘ
279 2100 420 2189 κύκλον,
454 2101 562 2183 οὕτως
588 2101 606 2170 6
631 2106 800 2169 ΑΒΓΔΛ
827 2104 934 2180 κώνος
960 2099 1045 2188 πρὸς
1071 2098 1131 2168 τὸν

117 2214 298 2276 ΕΖΗΘΝ
324 2210 446 2275 κώνου.
499 2213 559 2274 καί
588 2208 656 2274 ἐστι
689 2205 750 2292 μὲν
777 2205 957 2293 κύλινδρος
984 2203 1002 2274 6
1030 2205 1131 2291 βάσιν

118 2319 206 2400 ἔχων
226 2311 286 2382 τὸν
305 2319 437 2385 ΑΒΓΔ
459 2314 594 2396 κύκλου,
616 2310 704 2393 ύψος
727 2311 764 2380 δέ
786 2310 824 2381 τὸ
848 2310 929 2380 αὐτὸ
952 2323 998 2402 τῷ
1022 2314 1130 2404 κώνῳ,

116 2417 310 2507 τριπλάσιος
340 2428 401 2486 τοῦ
429 2424 601 2486 ΑΒΓΔΛ
632 2416 760 2502 κώνου,
792 2421 854 2502 τοῦ
888 2417 925 2485 δὲ
956 2424 1135 2485 ΕΖΗΘΝ

114 2522 228 2592 κώνου
250 2523 443 2610 τριπλάσιος
467 2521 485 2592 6
510 2524 690 2613 κύλινδρος
713 2521 730 2592 6
754 2522 855 2610 βάσιν
878 2524 939 2610 μὲν
962 2528 1047 2611 ἔχων
1069 2523 1130 2591 τδν

115 2636 253 2698 ΕΖΗΘ
274 2629 410 2716 κύκλον,
433 2629 520 2711 ὕψος
539 2631 576 2699 δέ
594 2628 631 2698 τὸ
651 2628 733 2698 αὐτὸ
752 2633 797 2720 τῷ
815 2629 922 2719 κώνῳ.
956 2635 1046 2698 ἔστιν
1064 2628 1130 2714 άρα

116 2733 163 2814 ὡς
185 2732 203 2802 6
227 2742 361 2803 ΑΒΓΔ
383 2735 505 2817 κύκλος
527 2735 610 2823 πρὸς
632 2735 693 2804 τὸν
712 2741 848 2803 ΕΖΗΘ
865 2735 1000 2819 κύκλον,
1024 2735 1130 2815 οὕτως

114 2839 133 2909 6
154 2847 328 2909 ΑΒΓΔΛ
350 2841 530 2929 κύλινδρος
551 2841 634 2930 πρὸς
657 2839 718 2910 τὸν
738 2847 918 2908 ΕΖΗΘΝ
935 2841 1128 2928 κύλινδρον.

179 3087 257 3157 Ἐάν
276 3089 456 3175 κύλινδρος
470 3090 612 3179 ἐπιπέδῳ
631 3092 742 3178 τμηθῇ
757 3086 957 3178 παραλλήλῳ
972 3084 1045 3155 ὄντι
1058 3101 1129 3168 τοῖς
1148 3103 1170 3150 1’

112 3195 317 3264 ἀπεναντίον
341 3195 519 3280 ἐπιπέδοις,
544 3199 633 3262 ἔσται
657 3190 702 3274 ὡς
725 3192 743 3262 6
767 3193 946 3280 κύλινδρος
967 3191 1050 3281 πρὸς
1068 3191 1127 3260 τὸν

112 3299 310 3388 κύλινδρον,
336 3298 442 3380 οὕτως
464 3297 482 3368 6
508 3299 597 3381 άξαν
621 3297 704 3386 πρὸς
726 3301 786 3368 τὸν
810 3296 922 3380 άξονα.

187 3497 213 3562 1)
232 3499 256 3548 Λ
275 3510 358 3564 supra
377 3511 428 3550 scr.
447 3513 484 3549 m.
504 3501 528 3551 1.
