2340 3818
358 133 632 184 aauuauroauu
650 134 760 184 urnae
776 135 824 186 rr.
1054 132 1097 200 83

76 275 155 340 dato
186 275 310 360 ungulo
339 275 455 362 solido,
487 277 543 360 qui
571 275 612 340 ad
641 279 673 337 Δ
701 277 829 361 positus
857 282 921 357 est,
953 280 1096 364 aequalis

76 381 222 467 angulus
245 383 449 447 constructus
473 386 534 467 est3
558 382 642 466 quod
666 383 840 466 oportebat
858 383 936 448 fieri.

144 645 187 710 In
209 646 286 711 data
309 651 398 712 reeta
421 647 560 712 solidum
579 647 891 732 parallelepipedum
910 651 1097 714 construere

77 751 158 816 dato
181 751 283 816 solido
302 752 577 838 parallelepipedo
598 753 702 818 simile
722 759 756 818 et
774 753 925 817 similiter
943 755 1097 837 positum.

152 855 200 922 Sit
224 857 302 922 data
332 863 420 924 reeta
443 863 509 923 AB
537 864 570 923 et
593 860 705 925 datum
730 860 868 926 solidum
891 861 1097 944 parallelepi-

76 962 197 1046 pedum
214 967 290 1029 ΓΔ.
330 969 459 1050 oportet
480 966 582 1050 igitur
604 967 640 1030 in
663 968 740 1032 data
763 973 853 1032 reete
871 972 936 1032 AB
957 967 1097 1033 solidum

73 1069 386 1154 parallelepipedum
405 1075 591 1136 construere
606 1072 682 1137 dato
702 1073 807 1138 solido
821 1073 1095 1158 parallelepipedo

73 1178 146 1240 ΓΔ
169 1176 274 1240 simile
298 1180 331 1241 et
354 1177 504 1242 similiter
525 1179 680 1261 positum.

93 1280 96 1284 ’
145 1285 354 1347 construatur
377 1284 463 1348 enim
486 1283 531 1347 ed*
550 1288 671 1349 reetam
688 1288 762 1349 -ΑΒ
790 1287 822 1349 et
844 1290 1002 1368 puuctum
1025 1287 1095 1351 eius

70 1394 107 1454 A
128 1388 233 1454 solido
249 1389 384 1474 angulo,
403 1390 459 1474 qui
473 1390 514 1454 ad
528 1392 695 1474 I'positus
714 1394 776 1474 est,
796 1392 941 1477 aequalis
957 1393 1094 1477 angulus

72 1495 207 1582 angulis
229 1499 344 1580 ΒΑΘ,
367 1499 486 1580 ΘΑΚ,
505 1500 608 1561 ΚΑΒ
633 1499 899 1581 eomprehenrur,
921 1499 970 1563 ita
992 1502 1029 1562 ut
1053 1497 1096 1562 sit

72 1585 388 1685 [Modra.
407 1605 690 1687 erstem,
705 1608 862 1669 Kro=
874 1608 973 1669 ΗΓΖ
990 1607 1094 1688 [prop.

70 1706 213 1788 XXVI}
251 1711 284 1771 et
301 1708 361 1772 fiat

143 1815 571 1898 EP:FH=BA:AK‚
607 1819 1026 1880 Hrzrz=KA:Ao.

73 1943 178 2006 quare
206 1921 305 1984 etiarn
333 1942 372 1985 ex
400 1942 502 2004 aequo
525 1923 588 1987 erit
611 1924 699 1986 EF:
715 1926 776 1987 ΓΖ
791 1953 833 1974 --
847 1925 914 1986 ΒΑ
928 1943 935 1983 :
950 1925 1016 1984 ΑΘ
1040 1920 1092 2005 [V‚

72 2027 144 2108 22].
159 2030 194 2091 et
203 2025 394 2110 expleantur
401 2028 749 2112 parallelogrammum
761 2031 818 2092 ΘΒ
828 2032 862 2092 et
871 2026 1011 2092 solidum
1021 2031 1094 2092 ΑΛ.

143 2137 177 2197 et
209 2133 361 2215 quoniam
390 2136 440 2199 est
467 2137 534 2198 ΕΓ
544 2136 893 2216 εΓΗι-ΒΑιΑΚ,
925 2136 958 2197 et
990 2133 1094 2198 latera

73 2238 228 2322 aequales
252 2239 390 2322 angulos
413 2243 528 2323 EFH,
556 2242 662 2303 ΒΑΚ
689 2239 997 2323 eomprehendentia
1018 2262 1093 2324 pro-

72 2344 277 2431 portionalia
305 2341 427 2429 suntl),
455 2345 517 2411 erit
539 2348 611 2408 HE
622 2375 657 2398 ω
675 2348 751 2410 ΚΒ.
797 2345 908 2409 eadem
931 2344 970 2409 de
996 2367 1094 2410 eausa

149 2522 175 2588 1)
197 2518 232 2573 Η.
256 2534 279 2573 e.
298 2519 346 2587 „et
371 2518 504 2588 quoniam
527 2518 660 2588 aequales
688 2521 754 2573 runt
776 2517 885 2588 anguli,
909 2535 978 2586 quos
1002 2519 1093 2574 latera

72 2591 145 2646 haee
167 2589 390 2660 proportionalia
412 2590 676 2659 comprehendunt“.
716 2590 753 2644 'de
772 2604 818 2657 eo,
842 2589 917 2658 quod
941 2589 1007 2643 inde
1028 2607 1093 2644 eon·

73 2662 210 2728 eluditur,
229 2676 288 2715 esee
309 2664 367 2715 ΗΕ
381 2684 416 2709 ω
430 2665 496 2727 ΚΒ,
516 2661 564 2717 ofr.
584 2660 639 2716 uol.
659 2659 685 2713 H
706 2678 734 2731 p.
755 2666 806 2715 153
825 2661 882 2715 not.
902 2665 927 2714 2.

72 2821 199 2892 praebet.
237 2829 246 2845 ·
308 2827 332 2875 8.
353 2819 469 2892 εὐθεῖα]
496 2821 595 2890 postea
623 2819 686 2875 add.
711 2838 746 2873 m.
769 2827 782 2872 1
802 2820 831 2872 P.
941 2824 983 2872 14.
1003 2819 1092 2892 γωνίᾳ

73 2892 174 2966 στερεᾷ
193 2891 253 2946 Vb.
367 2899 408 2949 15.
427 2892 497 2963 τῶν]
523 2891 579 2945 τῶν
598 2886 656 2945 ὑπό
675 2889 735 2944 Vb.
844 2894 886 2943 1‘1.
906 2886 957 2959 τὴν
979 2889 1024 2961 δέ]
1044 2889 1093 2943 καὶ

74 2964 118 3022 ἔτι
135 2964 187 3036 τήν
206 2961 304 3017 Theon
322 2963 458 3031 (BFVb).
532 2967 574 3015 18.
595 2965 625 3015 Η
629 2962 702 3088 ml)
713 2961 768 3015 litt.
789 2964 816 3013 Η
829 2965 854 3014 Γ
869 2976 884 3014 e
904 2976 973 3016 eorr.
993 2962 1020 3014 b.

72 3032 311 3108 aaaomrvb.
422 3031 679 3103 ro.rrr]rrrv
819 3037 862 3084 21.
884 3035 936 3085 ΓΕ
955 3030 985 3086 Ρ.

72 3114 129 3164 ΖΓ
143 3107 174 3165 P.
284 3109 326 3159 22.
346 3107 414 3177 ΘΒ]
442 3105 488 3159 Pb
516 3108 545 3160 et
568 3121 637 3159 corr.
662 3101 916 3169 exerm.1v;
944 3101 1039 3156 aoss
1064 3102 1093 3156 et

70 3182 106 3235 ut
123 3179 237 3234 uidetur
254 3172 276 3226 F
296 3177 367 3245 (HE
375 3178 417 3246 φ).
499 3181 542 3230 23.
561 3175 625 3245 ΑΛ]
649 3174 679 3228 in
697 3192 750 3229 rae.
770 3172 804 3241 V,
823 3172 910 3226 AAb.
997 3179 1040 3228 24.
1059 3168 1091 3243 ἡ]

73 3251 173 3321 (prius)
194 3261 278 3314 supra
296 3263 333 3299 m.
354 3255 368 3302 1
387 3248 418 3302 F.
491 3243 542 3316 τὴν
558 3247 630 3314 ΓΗ]
651 3262 707 3314 mg.
728 3263 764 3300 m.
785 3244 848 3310 1V,
869 3248 895 3297 Γ
910 3244 964 3301 litt.
988 3262 1002 3298 e
1022 3259 1090 3299 eorr.

71 3323 100 3377 b.
157 3326 201 3376 26.
220 3312 267 3386 al]
287 3321 338 3372 καί
355 3335 445 3389 comp.
464 3318 491 3386 b,
511 3319 563 3372 καί
577 3334 647 3388 eorr.
666 3317 697 3370 in
716 3313 750 3369 ol
759 3314 793 3370 V.
848 3315 922 3370 Ante
940 3311 998 3387 ἄρα
1021 3331 1090 3369 erae.

71 3409 150 3461 ym.
171 3397 186 3445 1
206 3389 238 3443 Ρ.
319 3395 362 3445 27.
383 3385 457 3444 ἐστίν
476 3389 505 3441 Ρ.
587 3389 652 3459 ΚΒ]
678 3386 733 3441 litt.
753 3391 775 3440 Β
795 3402 810 3440 e
829 3402 898 3441 corr.
918 3386 944 3441 b.
1021 3405 1092 3455 παρ-

72 3456 276 3532 αλληλογράμῳ
295 3460 326 3516 Ρ.

914 3546 953 3602 Q*
