2340 3818
89 155 153 220 228
464 102 667 211 ἐνωμοτία
686 151 736 230 ιμ’.

90 294 152 366 οῦκ
170 298 350 387 ἐφάπτεται
367 304 429 367 τοῦ
448 306 584 367 ΕΖΗΘ
602 300 741 367 κύκλου·
760 303 872 391 πολλῶ
892 299 959 386 άρα
977 300 1016 365 αί
1029 304 1109 382 ΛΔ,

88 412 122 470 Δ
129 411 168 472 Ν
188 401 251 472 οῦκ
273 404 480 493 ἐφάπτονται
501 409 563 474 τοῦ
582 411 718 473 ΕΖΗΘ
740 405 876 473 κύκλου.
918 401 979 473 ἐάν
1003 401 1047 490 δὴ
1071 407 1110 492 τή

91 516 165 578 ΛΔν
180 508 299 601 εῦθεία
323 521 396 592 ίσας
413 510 496 579 κατὰ
516 494 553 578 τὸ
574 510 710 598 συνεχὲς
728 509 965 599 ἐναρμόσωμεν
984 513 1034 588 είς
1051 508 1110 577 τὸν

92 624 226 685 ΑΒΓΔ
247 617 385 703 κύκλον,
409 617 654 707 ἐγγραφήσεται
677 621 724 696 είς
746 615 807 685 τὸν
828 622 962 684 ΑΒΓΔ
984 614 1110 683 κύκλον

54 741 71 790 5
92 723 292 810 πολύγωνον
317 710 518 812 ίσόπλευρύν
541 750 577 792 τε
597 724 653 792 καὶ
671 720 913 812 ἀρτιόπλευρον
932 721 977 808 μὴ
997 725 1110 802 ψαῦον

91 834 153 899 τοῦ
177 831 359 909 ἐλάσσονος
373 830 588 920 κύκλουζτοῦ
601 837 749 898 ΕΖΗΘ·
774 828 855 919 ὅπερ
875 833 944 897 ἐδει
963 839 1112 914 ποιήσαι.

540 1122 543 1128 .
573 1041 624 1124 ιζ’·

156 1168 240 1234 Δύο
269 1171 453 1255 σφαιρῶν
481 1159 641 1256 περῖτδ
666 1163 761 1233 αὐτὸ
785 1166 953 1253 κέντρον
977 1165 1112 1233 οὐσῶν

90 1277 146 1352 είς
177 1271 248 1358 τήν
281 1277 442 1359 μείζονα
475 1285 652 1360 σφαῖραν
684 1269 847 1359 στερεὸν
879 1269 1112 1356 πολύεδρον

38 1396 72 1446 10
92 1379 288 1465 ἐγγράψαι
324 1378 373 1466 μή
411 1383 544 1460 ψαῦον
579 1381 646 1463 τής
681 1376 901 1457 ἐλάσσονος
938 1383 1112 1464 σφαίρας

90 1484 186 1553 κατά
209 1484 281 1571 τήν
304 1485 555 1572 ἐπιφάνειαν.

157 1591 415 1678 Νενοήσθωσαν
443 1590 506 1658 δύο
535 1603 676 1678 σφαῖραι
703 1590 778 1678 περὶ
799 1590 837 1657 τὸ
862 1587 944 1657 αὐτὸ
968 1590 1110 1672 κέντρον

91 1698 128 1767 τὸ
140 1706 184 1765 Α·
201 1703 254 1767 δεῖ
267 1697 309 1785 δή
325 1702 372 1778 είς
385 1697 456 1784 τήν.
462 1702 596 1785 μείζονα
611 1709 759 1784 σφαῖραν
774 1694 910 1785 στερεὸν
920 1693 1111 1783 πολύεδρον

94 1806 258 1895 ἐγγράψαι
285 1804 329 1892 μή
354 1807 466 1887 ψαῦον
488 1808 547 1889 τής
570 1802 751 1882 ἐλάσσονος
774 1806 919 1889 σφαίρας
941 1800 1024 1868 κατά
1049 1800 1111 1887 τήν

42 1926 74 1975 15
96 1913 302 2001 ἐπιφάνειαν.

163 2018 413 2106 Τετμήσθωσαν
446 2019 484 2082 αί
512 2028 651 2104 σφαῖραι
684 2017 827 2107 ἐπιπέδφ
859 2014 927 2082 τινί
960 2012 1018 2081 διὰ
1049 2018 1109 2082 τοῦ

93 2126 246 2213 κέντρου·
279 2129 411 2192 ἔσονται
435 2121 476 2210 δή
506 2125 543 2188 αί
567 2121 665 2208 τομαὶ
692 2119 823 2206 κύκλοι,
851 2119 1027 2208 ἐπειδήπερ
1057 2147 1110 2206 με-

94 2229 219 2315 νούσης
246 2234 304 2316 τής
333 2231 511 2318 διαμέτρου
538 2228 593 2296 καὶ
621 2229 886 2314 περιφερομένου
908 2231 969 2293 τοῦ
993 2226 1109 2313 ἡμικυ-

95 2340 190 2402 κλίου
214 2337 362 2420 ἐγίγνετο
386 2333 570 2421 ήσφαῖρα·
599 2333 683 2402 ῶστε
704 2332 760 2401 καὶ
783 2330 864 2401 καθ’
891 2336 964 2412 οἵας
986 2329 1030 2401 άν
1053 2333 1110 2400 δέ·

40 2455 74 2504 20
97 2461 179 2519 σεως
198 2439 428 2526 ἐπινοήσωμεν
447 2439 484 2507 τὸ
503 2438 716 2526 ήμικύκλιον,
739 2439 777 2506 τὸ
801 2436 848 2506 δι’
870 2437 977 2507 αύτοῦ
996 2441 1110 2525 ἐκβαλ-

94 2547 240 2633 λόμενον
278 2547 435 2613 ἐπίπεδον
471 2545 602 2632 ποιήσει
639 2546 692 2613 ἐπὶ
728 2549 786 2631 τής
824 2548 1018 2633 ἐπιφανείας
1055 2549 1112 2632 τής

96 2659 241 2740 σφαίρας
263 2651 397 2719 κύκλον.
429 2651 484 2719 καὶ
503 2652 666 2738 φανερόν,
690 2650 742 2719 ὅτι
759 2641 816 2719 καὶ
835 2653 1003 2737 μέγιστον,
1027 2653 1110 2719 ἐπει-

96 2758 200 2847 δήπερ
233 2757 253 2845 ή
288 2758 463 2845 διάμετρος
490 2760 549 2844 τής
581 2763 740 2844 σφαίρας,
772 2756 844 2842 ήτις
871 2757 941 2823 ἐστὶ
968 2758 1024 2824 καὶ
1052 2761 1113 2825 τοῦ

96 2864 295 2950 ἡμικυκλίου
319 2864 495 2951 διάμετρος
518 2861 646 2950 δηλαδή
670 2863 726 2930 καὶ
748 2866 809 2930 τοῦ
831 2861 968 2948 κύκλου,
992 2869 1112 2950 μείζων

42 2984 75 3033 25
97 2971 166 3037 ἐστὶ
194 2975 309 3038 πασῶν
337 2975 404 3037 τῶν
436 2975 482 3049 είς
505 2969 566 3038 τὸν
589 2969 713 3036 κύκλον
736 2965 757 3055 ή
781 2967 843 3055 τήν
867 2982 1016 3056 σφαῖραν
1042 2972 1112 3036 δια-

94 3078 247 3163 γομένων
286 3074 468 3160 [εύδειῶνλ
523 3081 605 3143 ἐστω
644 3066 707 3142 οῦν
745 3076 782 3142 ἐν
797 3061 801 3073 ’
819 3074 881 3161 μὲν
912 3079 951 3163 τή
985 3081 1112 3162 μείζονι

167 3280 189 3326 1.
210 3269 257 3343 αἴ]
277 3269 294 3340 ἡ
315 3290 340 3339 q.
423 3277 448 3326 2.
467 3266 585 3342 κύκλου]
603 3273 684 3325 -κλου
704 3286 773 3324 eras.
793 3270 826 3325 V.
901 3266 935 3322 δέ
955 3267 1019 3324 BV.

94 3350 119 3397 5.
140 3344 182 3413 τε]
203 3360 256 3398 om.
275 3345 305 3397 P.
379 3348 404 3396 6.
423 3343 487 3412 τοῦ]
507 3342 577 3411 (alt.)
596 3340 628 3395 τό
648 3359 675 3410 q.
746 3337 878 3410 πόρισμα.
907 3337 956 3394 καὶ
975 3337 1112 3410 φανερόν,

95 3409 139 3468 ὅτι
157 3411 174 3482 ή
194 3409 251 3468 άπὸ
271 3414 358 3468 τοῦΑ
377 3412 501 3475 κάθετος
521 3409 567 3467 ἐπὶ
581 3408 633 3480 τήν
652 3417 702 3466 ΒΔ
720 3408 773 3467 οῦκ
793 3408 938 3481 ἐφάψεται
957 3412 1008 3464 τοῦ
1029 3407 1112 3474 ἐντὸς

84 3484 193 3542 κύκλον
212 3503 270 3557 mg.
291 3504 327 3544 m.
350 3491 364 3542 1
385 3485 415 3544 P.
508 3488 553 3541 10.
573 3479 720 3545 ἐλάττονος
736 3483 773 3538 V.
862 3488 903 3536 11.
921 3479 1109 3552 περιφέρειαν
