2340 3818
101 140 167 204 250
470 140 670 192 Σνοοοαοο
691 134 739 204 ιγ’.

101 281 279 349 διπλάσιον
302 277 428 368 ἄρατὸ
452 287 519 349 ΓΚ
540 289 602 348 τοῦ
624 285 694 348 ΓΘ.
738 277 802 346 εἰσὶ
831 277 869 346 δὲ
891 276 946 345 καὶ
970 275 1010 343 τὰ
1034 282 1114 359 ΛΘ,

101 392 166 453 ΘΓ
190 385 348 454 διπλάσια
374 389 435 453 τοῦ
463 391 538 454 ΓΘ.
584 393 660 452 ἴσον
688 383 754 469 ὅρα
780 382 819 451 τὸ
849 388 919 451 ΚΓ
941 395 1012 461 τοῖς
1035 388 1116 467 ΛΘ,

101 497 170 560 ΘΓ.
217 494 352 578 ἐδείχθη
377 490 414 559 δὲ
436 492 492 558 καὶ
519 489 557 559 τὸ
582 494 647 557 ΓΕ
670 493 716 582 τῷ
740 497 802 557 ΘΖ
829 496 920 557 ἴσον·
944 489 1026 557 ὅλον
1051 486 1115 572 ὅρα

100 596 138 666 τὸ
159 605 190 667 Α
196 604 228 664 Ε
248 596 460 685 τετράγωνον
484 603 560 664 ἴσον
584 595 653 663 ἐστὶ
672 599 717 687 τῷ
737 598 851 672 ΜΝΞ
865 595 1027 682 γνώμονι.
1059 593 1112 661 καὶ

65 705 170 774 σέαεὶ
199 708 299 790 διπλῆ
328 703 418 770 ἐστιν
445 699 466 789 ἡ
490 710 557 770 BA
583 712 642 788 τῆς
665 709 750 787 ΑΔ,
778 699 1020 786 τετραπλάσιόν
1050 702 1117 768 ἐστι

100 810 137 877 τὸ
167 808 233 877 ἀπὸ
261 813 319 895 τῆς
343 815 409 875 BA
435 817 495 875 τοῦ
524 805 589 875 ἀπὸ
616 817 675 893 τῆς
698 815 783 892 ΑΛ,
810 807 960 875 τουτέστι
988 803 1027 873 τὸ
1052 813 1117 873 ΑΕ

99 927 161 985 τοῦ
185 923 260 984 ΔΘ.
311 923 387 982 ἴσον
411 913 449 980 δὲ
471 912 509 980 τὸ
533 921 602 981 ΑΕ
621 924 667 1006 τῷ
692 915 806 990 ΜΝΞ
826 911 990 998 γνώμονι·
1019 910 1118 979 καὶὸ

101 1028 183 1090 ΜΝ
185 1025 215 1099 Ξ
235 1020 301 1106 ὅρα
323 1019 468 1107 γνώμων
491 1019 730 1106 τετραπλάσιός
753 1022 822 1087 ἐστι
844 1022 905 1087 τοῦ
931 1024 1010 1086 ΑΟ·
1037 1016 1118 1086 ὅλον

101 1126 167 1214 ὅρα
189 1126 228 1196 τὸ
252 1135 319 1195 ΛΖ
341 1125 588 1196 πενταπλάσιόν
611 1129 680 1195 έστι
702 1135 764 1194 τοῦ
788 1132 864 1192 ΑΟ.
904 1129 964 1192 καί
985 1126 1059 1192 ἐστι
1080 1123 1119 1192 τὸ

50 1255 83 1303 10
102 1235 164 1330 μὲν
188 1241 254 1301 ΔΖ
277 1231 315 1301 τὸ
339 1232 404 1302 ἀπὸ
429 1239 583 1320 τῆςΔΓ,
606 1232 643 1300 τὸ
668 1233 705 1301 δὲ
724 1238 791 1299 ΑΟ
812 1230 850 1300 τὸ
875 1228 940 1300 ἀπὸ
964 1233 1118 1317 τῆςΔΑ·

100 1337 137 1407 τὸ
154 1337 219 1424 ὅρα
238 1337 304 1407 ἀπὸ
319 1349 378 1426 τῆς
393 1345 454 1407 ΓΔ
467 1337 714 1408 πενταπλάσιόν
729 1343 798 1407 ἐστι
811 1347 872 1407 τοῦ
886 1335 951 1405 ἆτὸ
966 1341 1027 1422 τῆς
1042 1344 1119 1404 ΔΑ.

165 1444 243 1514 Ἐὰν
270 1444 335 1534 ἄρα
363 1442 480 1514 εὐθεῖα
508 1445 614 1531 ἄκρον
641 1445 696 1512 καὶ
724 1447 828 1531 μέσον
856 1445 961 1529 λόγον
991 1452 1118 1530 τμηθῇ,

100 1548 138 1619 τὸ
167 1556 279 1638 μεῖζον
306 1562 417 1637 τμῆμα
444 1548 637 1636 προσλαβὸν
668 1549 731 1635 τὴν
762 1547 918 1636 ἡμίσειαν
950 1552 1011 1635 τῆς
1039 1547 1120 1634 ὅλης

48 1744 52 1751 Ι
101 1657 346 1725 πενταπλάσιον
379 1656 520 1725 δύναται
551 1661 612 1724 τοῦ
645 1653 711 1723 ἀπὸ
741 1660 800 1742 τῆς
828 1653 979 1742 ἡμισείας
1005 1681 1120 1740 τετρα-

50 1783 82 1832 15
102 1762 228 1850 ya5v0v·
253 1762 334 1848 ὅπερ
358 1767 425 1830 ἔδει
449 1764 562 1844 δεῖξαι.

160 2100 262 2168 -Ἐὰν
291 2099 429 2168 εὐθεῖα
457 2096 613 2185 γραμμὴ
641 2098 842 2184 τμήματος
864 2085 1006 2181 ἑαυτῆς
1029 2119 1120 2163 πεν-

103 2206 325 2274 ταπλάσιον
355 2206 542 2292 δύνηται,
574 2209 642 2291 τῆς
673 2209 886 2284 διπλασίας
915 2207 985 2271 τοῦ
1013 2206 1121 2287 εἰρη-

104 2311 449 2403 μένοντμήματος
471 2311 597 2396 ἄκρον
615 2311 679 2377 καὶ
698 2311 820 2397 μέσον
837 2307 960 2394 λόγον
978 2335 1121 2396 τεμνο-

51 2438 84 2486 20
103 2420 222 2503 μένης
253 2416 295 2485 τὸ
328 2421 463 2502 μεῖζον
495 2421 623 2503 τμῆμα
651 2417 693 2485 τὸ
722 2418 864 2484 λοιπὸν
892 2415 1010 2502 μέρος
1039 2416 1121 2482 ἐστὶ

103 2528 171 2609 τῆς
194 2524 231 2603 ἐξ
255 2522 381 2609 ἀρχῆς
404 2519 573 2600 εὐθείας.

170 2626 301 2696 Εὐθεῖα
329 2629 393 2715 γὰρ
422 2626 556 2715 γραμμὴ
584 2628 605 2714 ἡ
630 2631 697 2695 ΑΒ
727 2629 894 2714 τμήματος
917 2627 1037 2713 ἑαυτῆς
1058 2629 1122 2694 τοῦ

105 2742 174 2824 ΑΓ
195 2734 441 2803 πενταπλάσιον
470 2734 633 2802 δυνάσθω
640 2786 649 2819 ,
677 2739 736 2821 τῆς
763 2734 801 2801 δὲ
824 2738 893 2801 ΑΓ
911 2738 1013 2819 διπλῆ
1038 2738 1122 2801 ἔστω

103 2839 213 2927 ἡΓΔ·
237 2843 337 2927 λέγω,
362 2838 413 2909 ὅτι
435 2850 493 2927 τῆς
507 2846 569 2908 ΓΛ
593 2838 699 2927 ἄκρον
722 2839 778 2907 καὶ
801 2840 904 2926 μέσον
927 2838 1031 2925 λόγον
1049 2864 1122 2924 τεμ-

56 2969 90 3017 25
109 2948 253 3033 νομένης
274 2947 312 3015 τὸ
335 2952 447 3033 μεῖζον
470 2944 582 3033 τμῆμά
607 2949 696 3014 ἐστιν
719 2943 739 3032 ἡ
763 2950 835 3014 ΓΒ.

168 3051 430 3140 Ἀναγεγράφθω
464 3051 528 3139 γὰρ
561 3051 621 3138 ἀφ’
657 3053 812 3136 ἑκατέρας
843 3056 911 3119 τῶν
946 3057 1028 3136 AB,
1061 3058 1124 3119 ΓΔ

104 3163 294 3244 τετράγωνα
325 3158 365 3225 τὰ
395 3166 476 3243 ΑΖ,
510 3165 595 3244 ΓΗ,
627 3159 683 3225 καὶ
713 3157 981 3244 καταγεγράφθω
1010 3160 1047 3225 ἐν
1076 3160 1122 3250 τῷ

178 3397 200 3443 1.
220 3393 279 3443 ΚΓ
294 3389 323 3443 Ρ.
361 3387 415 3442 Hic
441 3389 470 3442 in
488 3388 510 3441 P
532 3389 588 3445 litt.
609 3393 636 3443 K
658 3388 770 3458 saepiu·
794 3386 823 3441 in
844 3391 874 3442 Η
894 3389 1061 3442 renouatum
1080 3389 1125 3442 est

102 3477 187 3513 manu
207 3480 235 3516 τε.
310 3465 333 3515 A
341 3459 377 3532 Θ]
396 3464 420 3513 Α
439 3476 454 3514 ο
473 3477 542 3515 corr.
561 3477 597 3512 m.
619 3460 682 3514 1V.
756 3465 781 3513 2.
801 3459 852 3513 τοῦ
870 3460 924 3513 ΓΘ
942 3456 1078 3513 διπλάσια
1094 3458 1125 3538 Ρ.
