2340 3818
96 137 160 199 114
468 135 668 188 ΣΤοΙΧΕιοΝ
687 132 738 187 ια’.

94 276 307 346 πεπόνθασιν
330 280 367 343 αἱ
387 276 501 362 βάσεις
523 290 592 355 τοῖς
615 274 761 356 ῦψεσιν].
807 279 898 340 ἔστιν
927 270 992 358 άρα

96 389 163 451 ΖΚ
187 383 285 469 βάσις
311 380 395 469 πρὸς
422 381 484 470 τὴν
507 385 570 458 ΞΡ
592 381 709 465 βάσιν,
743 377 849 458 οὕτως
877 377 914 446 τὸ
944 381 1002 443 τοῦ

95 493 233 576 στερεοῦ
256 487 343 569 ῦψος
364 486 450 572 πρὸς
471 485 509 554 τὸ
532 489 593 554 τοῦ
612 492 680 552 ΒΤ
699 494 836 570 στερεοῦ
861 481 956 563 ὕψος.
994 492 1002 548 ἰ

95 592 116 681 ἡ
150 594 210 681 μὲν
240 601 306 661 ΖΚ
331 593 429 679 βάσις
455 596 495 680 τῇ
520 599 583 659 ΒΘ
611 591 721 678 βάσει,
754 589 774 676 ἦ
804 591 840 658 δὲ
864 593 927 666 ΞΡ
950 589 1002 674 βάι

12 690 13 694 ¹
61 707 174 769 5N11
193 701 303 786 βάσει·
327 705 417 767 ἔστιν
440 696 505 787 άρα
529 696 574 777 ῶς
596 697 617 784 ἡ
642 705 705 765 ΕΘ
727 697 824 783 βάσις
848 696 931 784 πρὸς
954 695 1002 781 τὴν

96 806 208 892 βάσιν,
233 805 339 884 οὕτως
362 803 399 871 τὸ
424 807 486 871 τοῦ
510 813 543 871 A
555 811 592 870 Ψ
611 808 748 890 στερεοῦ
775 801 862 884 ῦψος
885 801 968 888 πρὸς
991 830 1002 867 ι

96 919 164 979 ΒΤ
188 912 325 998 στερεοῦ
352 907 446 988 ῦψος.
492 908 531 976 τά
557 906 589 975 δ’
620 905 705 976 αῦτά
732 906 802 993 ῦψη
831 909 900 975 ἐστὶ
927 913 996 976 τῶν

97 1024 165 1085 BT
185 1021 329 1104 στερεῶν
351 1017 407 1082 καὶ
429 1019 498 1082 τῶν
523 1020 603 1099 ΔΓ,
626 1022 706 1082 ΒΑ·
735 1019 825 1081 ἔστιν
849 1012 914 1100 άρα
939 1012 983 1091 ῶς

98 1122 195 1209 βάσις
217 1119 301 1208 πρὸς
319 1119 381 1206 τὴν
400 1128 438 1188 Ν
441 1129 479 1187 Π
492 1121 605 1206 βάσιν,
630 1121 735 1199 οὕτως
754 1119 791 1188 τὸ
811 1124 871 1187 τοῦ
890 1128 923 1186 A
929 1126 960 1186 Γ
976 1140 1002 1186 σι

48 1249 81 1297 10
99 1229 187 1308 ὕψος
209 1225 293 1311 πρὸς
319 1225 357 1295 τὸ
385 1237 446 1294 τοῦ
471 1234 536 1294 ΑΒ
560 1231 696 1311 στερεοῦ
719 1225 814 1306 ὕψος.
851 1230 919 1293 τῶν
944 1233 1002 1291 ΑΒ

97 1331 164 1420 άρα
201 1335 345 1419 στερεῶν
381 1334 722 1420 παραλληλεπιπέδων
757 1330 1002 1399 άντατειτόνθαι

98 1437 213 1523 βάσεις
235 1451 305 1517 τοῖς
326 1436 457 1520 ῦψεσιν.

168 1541 279 1609 Πάλιν
299 1542 341 1628 δὴ
361 1547 429 1611 τῶν
444 1553 475 1610 Α
480 1551 523 1628 Β,
538 1550 601 1611 ΓΔ
616 1546 758 1630 στερεῶν
773 1551 1001 1628 παραλληλεπι

99 1646 440 1716 άντιπεπονθέτωσαν
458 1652 497 1714 αλ
512 1648 626 1733 βάσεις
643 1663 714 1727 τοῖς
731 1650 868 1734 ὕψεσιν,
892 1651 948 1716 καὶ
968 1656 1002 1716 ἕο

53 1754 120 1842 ιὸἡ
145 1762 208 1822 ΕΘ
231 1753 328 1840 βάσις
350 1753 435 1838 πρὸς
456 1753 518 1840 τὴν
541 1761 618 1820 ΝΠ
638 1752 753 1840 βάσιν,
778 1753 885 1834 οῦτως
907 1756 944 1822 τὸ
970 1781 1002 1822 τι

101 1864 237 1947 στερεοῦ
266 1858 352 1940 ὕψος
379 1858 463 1947 πρὸς
485 1858 522 1926 τὸ
550 1862 612 1926 τοῦ
634 1867 700 1927 ΑΒ
725 1865 862 1946 στερεοῦ
885 1859 984 1942 ῦψος·

101 1965 153 2035 ὅτι
176 1975 252 2034 λ’σον
276 1965 344 2033 ἐστὶ
367 1964 404 2033 τὸ
429 1973 494 2033 ΑΒ
518 1963 653 2053 στερεὸν
676 1969 721 2056 τῷ
745 1973 808 2033 ΓΛ
831 1973 962 2058 στερεῷ.

171 2076 248 2140 Τῶν
270 2069 333 2157 γάρ
358 2071 470 2139 αὐτῶν
493 2073 848 2157 κατασκευασθέντων,
873 2076 945 2140 ἐπεί
962 2077 1002 2140 ε’σι

101 2176 122 2264 ἡ
147 2184 210 2244 ΕΘ
234 2179 330 2262 βάσις
352 2175 435 2261 πρὸς
458 2176 520 2262 τὴν
544 2185 617 2244 ΝΠ
640 2177 752 2262 βάσιν,
778 2175 883 2256 οῦτως
906 2177 942 2245 τὸ
967 2206 1002 2245 το

48 2305 83 2353 20
103 2287 241 2370 στερεοῦ
265 2280 350 2361 ὕψος
372 2281 456 2367 πρὸς
478 2281 516 2350 τὸ
539 2287 600 2350 τοῦ
624 2291 689 2351 ΑΒ
713 2288 850 2368 στερεοῦ
873 2282 975 2368 ῦψος,
999 2325 1002 2350 ι

101 2387 122 2474 ἡ
150 2385 212 2474 μὲν
240 2393 303 2453 ΕΘ
330 2386 427 2472 βάσις
454 2391 493 2474 τῇ
523 2392 589 2453 ΖΚ
613 2388 723 2474 βάσει,
757 2387 776 2473 ἡ
808 2389 845 2456 δὲ
872 2396 950 2455 ΝΠ
973 2396 1002 2456 τά

102 2498 193 2561 ἔστιν
217 2491 282 2578 άρα
306 2490 350 2572 ῶς
373 2492 393 2577 ἡ
414 2497 481 2558 ΖΚ
496 2490 594 2577 βάσις
611 2493 695 2581 πρὸς
713 2493 775 2580 τὴν
794 2497 856 2570 ΞΡ
870 2494 986 2579 βάσιν,

101 2597 140 2667 τὸ
170 2602 231 2665 τοῦ
254 2604 321 2664 ΓΔ
348 2602 485 2682 στερεοῦ
513 2596 599 2678 ῦψος
626 2598 709 2686 πρὸς
738 2599 775 2667 τὸ
806 2605 868 2666 τοῦ
891 2609 956 2667 ΑΒ
981 2621 1002 2666 ο

102 2703 198 2785 ῦψος.
247 2704 286 2770 τά
316 2701 347 2771 δ’
378 2701 463 2771 αὐτά
490 2702 559 2790 ὕψη
589 2707 657 2773 ἐστὶ
680 2711 747 2773 τῶν
771 2713 853 2790 ΑΒ,
882 2712 949 2773 ΓΛ
973 2727 1002 2773 σι

50 2832 84 2881 25
102 2811 158 2878 καὶ
186 2814 254 2878 τῶν
282 2818 359 2895 ΒΤ,
385 2818 474 2878 ΛΨ·
503 2816 592 2879 ἔστιν
621 2813 686 2898 άρα
715 2811 759 2891 ῶς
782 2811 802 2897 ἡ
827 2819 894 2879 ΖΚ
915 2813 1002 2896 βάσις

102 2916 165 3004 τὴν
184 2920 247 2993 ΞΡ
266 2915 381 3002 βάσιν,
406 2915 512 2996 οὕτως
535 2917 572 2985 τὸ
596 2923 657 2985 τοῦ
677 2928 710 2986 A
720 2927 757 2984 Ψ
774 2923 910 3006 στερεοῦ
930 2917 1002 2997 ῦνος

102 3023 141 3091 τὸ
170 3027 231 3089 τοῦ
254 3030 323 3090 ΒΤ
346 3028 483 3110 στερεοῦ
511 3022 605 3104 ὕψος.
655 3028 722 3092 τῶν
746 3032 823 3108 ΒΤ,
849 3032 928 3090 ΔΨ
954 3024 1002 3112 άρι

176 3233 707 3307 2.τὴνΞΡ]σοετ.εΧτηΝΞΡΚ.
781 3238 1002 3308 3,ΒΤ]Τε(

175 3312 200 3360 4.
221 3308 288 3378 ΕΘ]
309 3325 323 3363 ε
343 3325 410 3363 corr.
431 3306 464 3360 V.
565 3315 589 3362 5.
605 3304 691 3430 ssoirm
710 3304 784 3362 ἐστὶν
804 3311 848 3377 ἴση
869 3309 901 3362 V.

105 3375 185 3450 βάσει
204 3378 231 3432 b.
341 3385 365 3433 7.
385 3379 512 3450 στερεοῦ]
533 3394 637 3433 om..
729 3385 770 3434 10.
792 3381 857 3450 ΓΔ]
877 3379 907 3433 in
925 3381 1002 3434 τεο]

104 3457 145 3506 11.
168 3454 289 3519 στερεῶν
308 3443 364 3517 ἄρα
384 3451 413 3502 Β.
512 3456 553 3503 12.
573 3445 660 3518 ῦψεστ
678 3450 764 3517 Ἢιφ.
867 3456 908 3505 14.
928 3445 1002 3518 ῦψεσ
