2340 3818
487 64 670 175 APPENDD'(
687 125 721 176 11.
1043 119 1107 184 393

83 263 160 327 τοῦ
182 264 219 330 ἐν
242 259 333 356 αύτῷ
352 262 566 349 πολυγώνου·
589 267 700 347 μεῖζον
719 260 785 346 ἄρα
803 262 859 329 καί
877 262 914 331 τὸ
938 270 969 330 Φ
987 267 1112 348 χωρίου

81 368 160 433 τοῦ
176 374 478 436 ΕΚΖΛΗΜΘΝ
496 367 704 454 πολυγώνου.
741 365 824 435 ἀλλὰ
850 366 916 454 μὴν
940 369 995 435 καὶ
1019 373 1112 435 ἔλασ-

81 475 162 539 σου
182 471 221 542 τὸ
247 480 291 541 Φ·
316 475 397 562 ὅπερ
421 473 601 542 ιἰδύυατου.
639 470 700 542 ούκ
723 472 789 560 ἄρα
813 475 903 541 ἐστὶν
923 472 968 553 ὡς
984 473 1022 541 τὸ
1043 473 1107 541 ἀπὸ

77 570 158 658 τἧς
173 586 202 646 Β
208 588 250 646 Δ·
259 581 472 668 τετράγωνον
490 578 574 665 πρὸς
591 579 628 646 τὸ
650 577 715 647 ἀπὸ
734 589 791 665 τῆς
812 587 872 648 ΖΘ
890 579 1112 668 τετράγωνον,

75 673 204 765 0ῧτιος
227 683 246 753 ὁ
272 691 405 754 ΑΒΓΔ
426 685 548 765 κύκλος
569 684 652 771 πρὸς
675 684 818 754 ἔλασσόυ
839 711 872 753 τι
894 690 955 754 τού
979 693 1113 753 ΕΖΗΘ

72 792 223 861 κύκλου
246 797 380 880 χωρίου.

186 899 272 984 λέγω
296 897 355 984 δή,
378 895 430 966 ὅτι
454 895 535 965 οὐδὲ
557 895 641 980 πρὸς
664 904 785 984 μεῖζον.
821 903 853 966 εί
871 898 935 987 γὰρ
954 897 1112 984 δυνατόν,

78 990 181 1072 ἔστα
204 1001 288 1092 πρὸς
309 1003 347 1071 τὸ
371 1011 409 1071 Φ.
446 1000 613 1071 ἀνάπαλιν
637 1001 702 1090 ίίρα
726 1005 816 1072 ἐστὶν
840 1003 884 1084 ὡς
906 1003 944 1072 τὸ
968 1003 1031 1073 ιἰπδ
1056 1008 1114 1091 τῆς

85 1102 161 1177 ΖΘ
187 1109 398 1198 τετράγωνον
431 1107 514 1195 πρὸς
544 1107 582 1177 τὸ
611 1109 677 1176 ιἰπὸ
706 1113 764 1194 τῆς
794 1117 860 1177 ΔΒ
893 1109 1114 1195 τετράγωνον,

94 1216 207 1296 οὕτως
229 1214 266 1282 τὸ
294 1221 326 1281 Φ
347 1221 472 1303 χωρίου
494 1213 578 1301 πρὸς
600 1214 661 1282 τὸυ
685 1221 819 1282 ΑΒΓΔ
840 1215 975 1283 κύκλου.
994 1215 1056 1296 ὡς
1075 1216 1112 1283 δὲ

92 1319 135 1389 τὸ
153 1328 185 1388 Φ
202 1325 327 1408 χωρίου
345 1319 429 1407 πρὸς
446 1319 507 1388 τὸν
522 1326 656 1388 ΑΒΓΔ
669 1321 805 1405 κύκλου,
825 1319 931 1400 οὕτως
946 1319 964 1390 ὁ
980 1329 1115 1390 ΕΖΗΘ

99 1429 220 1505 κύκλος
247 1424 331 1513 πρὸς
359 1425 503 1494 ἔλασσόν
530 1452 562 1493 τι
589 1430 650 1494 τού
674 1434 807 1496 ΑΒΓΔ
833 1428 958 1496 κύκλου
981 1433 1115 1514 χωρίου·

99 1531 144 1612 ὡς
167 1531 294 1618 ἄρατὸ
319 1530 384 1599 ἀπὸ
408 1535 467 1618 τῆς
487 1539 549 1599 ΖΘ
570 1531 781 1619 τετράγωνον
804 1537 887 1620 πρὸς
909 1531 947 1599 τὸ
971 1531 1037 1600 ἀπὸ
1057 1538 1114 1620 τῆς

48 1646 56 1656 “
99 1648 132 1706 Δ
139 1646 167 1706 Β
190 1637 413 1727 τετράγωνον,
442 1639 549 1718 οὕτως
572 1636 589 1706 ὁ
614 1646 750 1707 ΕΖΗΘ
771 1638 892 1719 κύκλος
914 1638 998 1727 πρὸς
1021 1645 1115 1707 ἔλασ·

63 1782 65 1787 ·
98 1743 163 1813 σόυ
195 1769 227 1810 τι
258 1748 319 1812 τοῦ
347 1750 482 1812 ΑΒΓΔ
508 1744 634 1812 κύκλου
661 1750 800 1832 χωρίου·
832 1746 913 1833 ὅπερ
946 1742 1115 1812 ἆδύυατου

99 1852 275 1918 δέδεικται.
325 1848 386 1918 οὐκ
409 1850 476 1937 ίίρα
500 1851 590 1919 ἐστὶν
614 1849 659 1930 ὡς
681 1851 718 1918 τὸ
744 1850 809 1919 ἀπὸ
832 1855 890 1938 τῆς
913 1858 980 1919 ΒΔ
1003 1849 1115 1935 τετρύ-

98 1982 214 2043 γωυου
245 1954 329 2042 πρὸς
360 1954 397 2024 τὸ
430 1954 496 2024 ἀπὸ
527 1961 586 2042 τῆς
615 1964 675 2024 ΖΘ
702 1955 928 2045 τετράγωνον,
963 1953 1069 2033 οὕτως
1096 1953 1114 2022 ὁ

98 2068 235 2129 ΑΒΓΔ
265 2063 387 2142 κύκλος
417 2061 500 2152 πρὸς
532 2062 645 2148 μεῖζόν
677 2088 709 2130 τι
740 2066 801 2130 τοῦ
829 2069 964 2130 ΕΖΗΘ
991 2060 1116 2128 κύκλου

98 2173 234 2256 χωρίου.
286 2170 421 2256 ἐδείχθη
445 2169 485 2235 δέ
489 2220 498 2253 ,
528 2165 579 2235 ὅτι
610 2166 690 2236 ούδὲ
717 2167 801 2257 πρὸς
824 2174 975 2237 ἔλασσον.
1026 2171 1116 2234 ἔστιν

81 2272 168 2366 Ιίίρα
191 2270 236 2352 ὥς
258 2272 295 2342 τὸ
322 2272 385 2342 ἀπὸ
409 2278 468 2361 τῆς
485 2282 554 2342 ΒΔ
577 2273 787 2360 τετράγωνον
810 2275 893 2362 πρὸς
916 2274 953 2342 τὸ
974 2271 1037 2341 ἀπὸ
1058 2277 1116 2358 τῆς

100 2386 163 2446 ΖΘ
190 2379 416 2467 τετράγωνον,
450 2377 556 2459 οὕτως
588 2377 606 2448 ὁ
635 2385 769 2446 ΑΒΓΔ
800 2379 920 2460 κύκλος
947 2378 1030 2467 πρὸς
1056 2378 1136 2446 τὸν·

102 2491 239 2552 ΕΖΗΘ
260 2483 394 2552 κύκλου.

505 2596 646 2603 ---
656 2599 688 2602 „-

171 2699 269 2763 Πᾶσα
296 2696 441 2783 πυραμὶς
467 2700 633 2782 τρίγωνον
661 2701 784 2782 ἔχουσα
810 2696 911 2780 βάσιν
941 2700 1147 2783 διαιρείταις

102 2809 150 2879 είς
182 2825 216 2867 τε
248 2802 311 2869 δύο
338 2807 528 2888 πυραμίδας
560 2811 633 2882 ίσας
661 2800 819 2887 ἀλλήλαις
848 2801 903 2868 καλ
933 2799 1049 2888 ὁμοίας
1075 2806 1114 2891 τῇ

101 2904 164 2993 ὅλῃ
192 2906 248 2972 καὶ
276 2910 324 2986 είς
347 2910 409 2975 δύο
432 2914 599 2995 πρίσματα
623 2916 694 2992 ίσα,
720 2908 777 2975 καὶ
799 2907 839 2976 τὰ
864 2906 926 2974 δύο
950 2913 1116 2995 πρίσματα

100 3015 159 3097 τῆς
183 3011 262 3098 ὅλης
285 3019 472 3100 πυραμίδος
494 3013 628 3100 μείζονα
652 3016 742 3081 ἐστιν
764 3009 785 3098 ἢ
809 3013 846 3080 τὸ
871 3010 982 3097 ἥμισυ.

171 3121 253 3185 ἔστω
277 3124 431 3206 πυραμίς,
454 3112 493 3206 ἧς
515 3118 612 3205 βάσις
634 3118 696 3205 μὲν
720 3123 802 3186 ἔστω
825 3116 863 3185 τὸ
882 3124 985 3185 ΑΒΓ
1002 3123 1117 3206 τρίγω-

101 3250 178 3309 υου,
200 3222 333 3310 κορυφὴ
359 3225 396 3292 δὲ
419 3222 456 3292 τδ
482 3232 515 3290 Δ
537 3237 686 3311 σημείου.
731 3225 834 3310 λέγω,
863 3224 914 3292 ὅτι
937 3221 958 3310 ἡ
983 3230 1118 3291 ΑΒΓΔ

100 3329 248 3414 πυραμὶς
276 3333 452 3419 διαιρεῖται
482 3337 529 3409 είς
555 3356 590 3398 τε
618 3330 680 3399 δύο
711 3333 907 3418 πυραμίδας,
923 3338 996 3410 ίσας
1019 3327 1118 3415 ἀλλή-

100 3443 177 3512 λαις
208 3436 261 3502 καλ
293 3432 411 3522 ὁμοίας
438 3439 478 3525 τῇ
506 3436 567 3526 ὅλῃ
595 3438 650 3505 καλ
681 3441 728 3518 είς
760 3437 823 3504 δύο
855 3442 1021 3523 πρίσματα
1053 3445 1117 3504 ἴσα.
