2340 3818
97 154 163 218 306
467 155 670 208 Σοοιιειοο
689 153 738 223 ιγ’.

97 294 329 381 πεντάγωνον,
356 297 412 363 καὶ
440 295 635 381 δεκαγώνου
662 293 684 381 ἡ
708 301 773 363 ΕΟ
801 293 928 364 εὐθεῖα.
979 294 1036 362 καί
1063 293 1115 362 άν-

99 400 291 469 εστάτωσαυ
314 401 378 470 άπὸ
402 413 472 470 τών
490 410 535 488 Ε,
559 410 602 487 Ζ,
625 408 675 487 Η,
698 409 742 488 Θ,
766 408 799 468 Κ
822 405 970 488 σημείων
993 405 1040 492 τῷ
1058 405 1114 468 τού

98 508 225 576 κύκλου
249 509 392 599 ἐπιπέδῳ
419 507 503 596 πρὸς
531 506 640 597 ὀρθάς
666 515 792 594 γωνίας
819 506 952 575 εύθεῖαι
975 509 1014 573 αἰ
1036 514 1113 591 ΕΠ,

97 622 171 699 ΖΡ,
199 621 287 698 ΗΣ,
320 621 398 699 ΘΤ,
430 621 465 682 Κ
472 621 501 681 Τ
530 621 601 681 ἴσαι
629 605 730 682 οὖσαι
756 616 797 701 τῇ
825 615 862 682 ἐκ
888 617 951 682 τού
977 614 1114 698 κέντρου

62 723 159 789 στού
178 724 354 788 ΕΖΗΘΚ
368 718 510 804 κύκλου,
532 719 587 786 καλ
612 719 866 806 ἐπεζεύχθωσαν
885 721 923 786 αἰ
940 726 1023 803 ΠΡ,
1042 726 1113 803 ΡΣ,

97 833 179 910 ΣΤ,
203 833 276 910 Tr,
299 833 379 910 νιν,
403 832 484 908 ΠΛ,
503 831 581 910 ΑΡ,
605 830 691 909 PM,
715 830 806 909 ΜΣ,
829 831 917 909 ΣΝ,
940 831 1023 909 NT,
1046 827 1113 910 νε,

98 935 174 1017 ΞΤ,
207 938 282 1017 ΤΟ,
312 938 389 1001 ΟΠ.
434 932 491 998 καὶ
519 932 588 999 ἐπεί
617 931 755 1018 ἑκατέρα
777 935 846 998 τών
869 937 954 1017 ΕΠ,
983 935 1113 1022 ΚΤτῷ

99 1035 188 1128 αύτῷ
208 1036 351 1127 ἐπιπέδῳ
370 1035 455 1124 πρὸς
473 1034 582 1124 ὀρθάς
601 1039 703 1123 ἐστιν,
721 1036 933 1124 παράλληλος
947 1036 1015 1123 άρα
1030 1038 1115 1105 ἐστὶν

98 1140 213 1231 ἡΕΠ
234 1146 274 1230 τῇ
294 1149 327 1209 Κ
336 1152 370 1211 Y.
408 1149 477 1211 ἐστι
501 1142 539 1210 δέ
561 1139 646 1232 αὐτῇ
670 1143 725 1210 καὶ
750 1152 819 1229 ἴση·
842 1146 881 1210 αἴ
902 1142 940 1210 δὲ
962 1142 1024 1223 τὰς
1047 1152 1115 1223 ἴσας

48 1271 80 1319 10
98 1275 133 1315 τε
155 1247 210 1314 καί
233 1247 467 1335 παραλλήλους
490 1251 764 1335 ἐπιζευγνύουσαι
789 1250 842 1318 ἐπὶ
865 1248 905 1317 τά
929 1246 1016 1318 αύτά
1036 1254 1114 1339 μέρη

99 1347 239 1421 εὐθεῖαι
254 1362 323 1421 ἰσαι
347 1379 382 1421 τε
404 1354 460 1420 καί
482 1355 694 1440 παράλληλοί
719 1359 818 1424 εἰσιν.
846 1352 868 1441 ἡ
891 1364 964 1423 ΠΤ
990 1355 1058 1443 άρα
1080 1362 1115 1446 τη

100 1465 168 1526 ΕΚ
200 1467 254 1545 ἴση
286 1484 322 1527 τε
353 1460 408 1526 καὶ
440 1460 653 1546 παράλληλός
681 1463 781 1530 ἐστιν.
830 1460 1051 1548 πενταγώνου
1082 1462 1136 1531 δὲ.

100 1563 302 1653 ἰσοπλεύρου
325 1563 346 1651 ἡ
365 1572 446 1633 ΕΚ·
469 1565 688 1652 πενταγώνου
711 1564 777 1652 άρα
796 1567 1000 1655 ἰσοπλεύρου
1023 1565 1115 1654 καὶὴ

100 1675 252 1739 ΠΤ·τοῦ
275 1675 322 1750 εἰς
344 1669 405 1738 τὸν
423 1678 600 1739 ΕΖΗΘΚ
614 1671 740 1740 κύκλον
764 1674 1030 1760 ἐγγραφομένου,
1065 1673 1116 1741 διὰ

48 1799 81 1848 15
100 1775 139 1844 τά
172 1773 257 1844 αὐτὰ
289 1774 331 1861 δὴ
363 1776 418 1843 καλ
451 1773 572 1864 ἑκάστη
603 1781 672 1846 τών
705 1786 785 1864 ΠΡ,
823 1785 902 1864 ΡΣ,
939 1787 1024 1866 ΣΤ,
1063 1788 1120 1848 Tr

99 1881 316 1969 πενταγώνου
348 1882 439 1950 ἐστὶν
466 1883 669 1971 ἰσοπλεύρου
696 1889 757 1951 τοῦ
784 1888 832 1964 εἰς
857 1882 918 1952 τὸν
944 1892 1119 1954 ΕΖΗΘΚ

99 1988 224 2057 κύκλου
257 1990 523 2077 ἐγγραφομένου·
557 1989 759 2078 ἰσόπλευρον
787 1989 853 2078 άρα
879 1990 917 2059 τδ
946 2000 985 2058 Π
988 1998 1121 2060 ΡΣΤΤ

100 2095 324 2181 πεντάγωνον.
374 2097 431 2163 καί
463 2095 533 2164 ἐπεί
567 2095 738 2183 ἑξαγώνου
769 2099 831 2182 μέν
862 2099 952 2165 ἐστιν
982 2096 1005 2184 ἡ
1036 2106 1118 2183 ΠΕ,

101 2199 296 2286 δεκαγώνου
324 2202 361 2270 δὲ
387 2200 408 2287 ἡ
433 2208 513 2287 ΕΟ,
540 2209 599 2270 καί
624 2206 714 2271 ἐστιν
742 2201 831 2291 ὀρθὴ
859 2202 880 2289 ἡ
907 2201 974 2273 ὑπὸ
998 2213 1118 2291 ΠΕΟ,

48 2330 82 2378 20
101 2306 317 2392 πενταγώνου
341 2306 406 2391 άρα
429 2308 520 2376 ἐστὶν
544 2305 565 2394 ἡ
585 2315 666 2376 ΠΟ·
690 2306 711 2395 ἡ
734 2308 799 2395 γάρ
821 2319 883 2377 τοῦ
902 2313 1120 2397 πενταγώνου

101 2412 228 2499 πλευρά
260 2411 402 2479 δύναται
432 2413 494 2499 τήν
524 2439 560 2481 τε
591 2425 654 2482 τοῦ
687 2414 857 2501 ἑξαγώνου
883 2414 939 2482 καί
966 2415 1032 2503 την
1061 2422 1120 2486 τοῦ

102 2516 295 2604 δεκαγώνου
318 2520 387 2585 τών
410 2522 457 2598 εἰς
479 2518 542 2587 τὸν
566 2516 671 2588 αύτδν
694 2519 830 2588 κύκλονΙ
847 2523 1120 2608 ἐγγραφομένων.

102 2622 158 2691 διά
187 2620 226 2691 τά
254 2621 338 2691 αύτδι
368 2622 409 2710 δὴ
437 2625 494 2692 καί
521 2623 542 2712 ἡ
567 2632 634 2693 OY
652 2627 868 2711 πενταγώνου
891 2627 960 2694 ἐστὶ
982 2628 1120 2716 πλευρά.

102 2735 170 2797 ἐστι
195 2729 233 2796 δὲ
254 2730 310 2796 καὶ
333 2728 353 2817 ἡ
378 2738 450 2797 ΠΤ
472 2731 702 2817 πενταγώνου·
732 2732 932 2820 ἰσόπλευρον
960 2732 1029 2822 ἄρα
1053 2737 1120 2804 ἐστὶ

49 2857 83 2907 25
102 2835 138 2904 τὸ
166 2844 202 2902 Π
207 2843 273 2902 ΘΤ
291 2842 466 2923 τρίγωνον.
508 2836 564 2905 διὰ
588 2837 628 2904 τά
653 2836 738 2906 αύτά
757 2837 799 2924 δὴ
817 2839 873 2906 καὶ
892 2841 1035 2908 ἕκαστον
1054 2846 1121 2910 τών

102 2948 214 3026 ΠΛΡ,
246 2948 370 3027 ΡΜΣ,
404 2950 527 3028 ΣΝΤ,
560 2946 656 3020 ΤΞΥ
680 2943 881 3031 ἰσόπλευρόν
909 2948 1010 3014 ἐστιν.
1066 2949 1120 3015 καί

103 3048 172 3115 ἐπεὶ
195 3047 412 3135 πενταγώνου
435 3051 569 3135 ἐδείχθη
595 3050 731 3137 ἑκατέρα
754 3054 822 3118 τών
840 3059 921 3135 ΠΛ,
942 3059 1029 3138 ΠΟ,
1053 3060 1121 3122 ἐστι

162 3265 200 3345 ’1,
221 3257 479 3347 δοκαγώνονηωυλ.
498 3255 529 3314 λιι
548 3256 712 3330 δεκάγωνον
732 3281 758 3331 q.
860 3266 915 3318 OE
933 3263 965 3319 P.
1074 3263 1121 3322 άν-

103 3349 270 3457 εσταέωιὲλ
287 3331 487 3471 Βιλῖἕὲλᾞ.
499 3348 553 3456 (ἰδ’
572 3332 627 3457 b'a.
644 3339 718 3457 αλλ
731 3333 806 3458 δά]
828 3336 904 3460 Θάά
924 3335 1033 3463 ιΒῖιῗά
1049 3357 1121 3465 λλῖλ

85 3470 165 3544 με’ρη
185 3467 429 3548 ἐπιζευγνύουσαι
445 3473 481 3531 V.
577 3479 623 3530 ss.
640 3475 688 3546 τελ
703 3492 759 3530 om.
777 3494 808 3545 q,
895 3482 938 3532 12,
956 3475 987 3532 τέ
1008 3475 1070 3537 ἐστι
1088 3480 1121 3536 V.
