2340 3818
331 165 606 218 mmmurosuu
624 166 732 217 amsa
750 167 825 217 xm.
1030 162 1095 229 335

148 312 181 373 et
204 310 358 393 quoniam
387 309 692 395 demonstrauimus,
720 309 915 377 diametrum
938 309 1095 392 sphaerae

78 419 146 479 ΑΖ
165 415 278 480 lateris
297 416 476 499 pyramidis
494 417 644 500 potentia
663 415 909 500 sesquialteram
929 436 1013 499 esse,
1036 418 1098 480 ΒΒ

78 523 188 586 autem
221 522 323 587 latere
354 523 496 587 octaedri
525 523 674 607 potentia
704 521 803 607 duplo
831 523 1001 604 maiorem,
1033 525 1095 586 ΖΒ

78 630 189 691 autem
217 628 320 693 latere
349 629 424 693 cubi
450 630 600 712 potentia
628 628 727 713 triplo
755 628 926 713 maiorem,
959 649 1094 711 quarum

78 734 343 819 magnitudinum
380 757 436 800 sex
474 736 619 820 aequalis
652 739 702 801 est
732 736 881 819 potentia
917 734 1096 799 diametrus

76 839 248 925 sphaerae,
271 863 381 906 earum
405 846 560 926 quattuor
583 843 718 927 aequale
737 845 788 907 est
806 842 892 906 latus
910 840 1097 930 pyramidis,

74 946 185 1010 tribus
209 948 365 1033 octaedri,
392 949 519 1013 duabus
547 950 630 1015 cubi.
676 950 786 1032 itaque
809 948 895 1013 latus
918 947 1097 1032 pyramidis

75 1054 228 1138 potentia
253 1057 593 1139 supersesquitertium
617 1060 667 1121 est
690 1057 801 1121 lateris
822 1054 974 1137 octaedri,
996 1054 1098 1119 latere

76 1164 190 1225 autem
208 1161 283 1226 cubi
301 1163 450 1246 potentia
468 1163 568 1247 duplo
587 1163 701 1246 maius,
719 1162 806 1226 latus
826 1164 935 1225 autem
954 1159 1099 1226 octaedri

75 1266 191 1331 lateris
220 1268 295 1361 cubi
322 1270 471 1353 potentia
501 1270 749 1355 sesquialteram
776 1273 835 1333 est.
879 1288 957 1353 ergo
986 1268 1099 1350 latera,

75 1393 159 1456 quae
183 1375 444 1460 nominauimus,
471 1376 572 1441 trium
594 1377 727 1440 illarum
749 1375 943 1460 figurarum,
974 1374 1100 1439 scilicet

74 1480 271 1564 pyramidis,
295 1482 446 1566 octaedri,
469 1483 554 1565 cubi,
578 1483 664 1547 inter
686 1504 721 1546 se
744 1482 888 1546 rationes
906 1481 1031 1546 habent
1048 1501 1100 1544 ra·

75 1585 229 1651 tionales
275 1589 402 1673 reliqua
424 1610 502 1653 uero
525 1589 599 1673 duo,
621 1589 745 1654 scilicet
767 1588 923 1653 icosaedri
947 1590 980 1653 et
1003 1585 1100 1650 dode-

80 1692 202 1777 caedri,
224 1715 328 1777 neque
351 1696 437 1759 inter
460 1717 495 1760 se
517 1716 623 1779 neque
645 1695 686 1758 ad
710 1716 757 1777 ea,
778 1715 861 1778 quae
879 1715 979 1778 supra
995 1692 1101 1757 nomi-

77 1799 244 1883 nauimus,
268 1801 413 1866 rationes
435 1802 612 1866 rationales
634 1801 770 1884 habent;
796 1822 873 1865 nam
897 1799 1100 1864 irrationales

76 1910 172 1988 sunt,
205 1906 347 1971 alterum
377 1908 484 1973 minor
512 1910 616 1991 [prop
643 1906 751 1991 XVIJ,
782 1906 922 1971 alterum
948 1910 1101 1990 apotome

79 2013 188 2097 [prop.
211 2012 336 2093 xvm.

141 2119 248 2184 Latus
277 2119 438 2185 icosacdri
461 2123 535 2185 ΜΒ
557 2121 663 2185 maius
685 2141 757 2184 esse
780 2119 882 2184 latere
909 2117 1102 2183 dodecaalri

73 2229 164 2309 ΝΒ,
186 2227 234 2291 sic
260 2227 568 2291 demonstrabimus.

145 2332 305 2417 quoniam
327 2333 415 2397 enim
436 2333 593 2417 triangrdi
612 2335 707 2396 ΖΔΒ
726 2335 760 2396 ct
778 2336 873 2397 ΖΑΒ
892 2329 1104 2415 aequianguli

77 2444 160 2504 sunt
173 2439 248 2524 m,
262 2440 309 2523 8],
327 2441 390 2504 erit
404 2443 471 2504 AB
485 2464 494 2503 :
508 2442 570 2504 ΒΖ
584 2469 628 2491 =
641 2441 704 2503 ΒΖ
717 2462 726 2503 r
739 2442 803 2503 BA
817 2437 887 2522 [VI,
900 2440 946 2519 41.
976 2442 1011 2503 et
1023 2458 1104 2521 quo·

73 2547 169 2612 niam
195 2550 266 2610 tres
294 2556 405 2610 rectae
432 2544 696 2631 proportionales
724 2551 815 2629 sant,
845 2544 909 2610 crit
936 2547 973 2609 nt
998 2543 1106 2627 prima

81 2653 127 2717 ad
144 2653 296 2735 tertiam,
313 2653 364 2717 ita
375 2651 572 2736 quadratum
583 2650 709 2735 primae
723 2650 765 2715 ad
779 2650 975 2734 quadratum
986 2650 1107 2715 tertiae

80 2757 127 2838 [V
152 2757 218 2823 cer
241 2756 324 2843 9].¹)
368 2759 479 2842 itaque
502 2752 950 2821 AnzaA=Aa²zaz².
990 2777 1107 2821 econ·

158 2971 187 3033 1)
209 2965 363 3032 mmmm,
384 2983 435 3020 cur
457 2967 528 3021 haec
549 2965 676 3020 definitio
698 2966 753 3021 hoe
774 2965 838 3021 low
859 2966 991 3020 omnibus
1013 2965 1109 3021 uerbis

82 3038 205 3107 citetur,
227 3036 398 3107 praesertim
420 3035 512 3092 tonna
531 3054 632 3108 parurn
650 3035 798 3105 Eucliden,
820 3053 885 3091 cum
906 3046 1004 3090 tamen
1025 3052 1110 3091 antra

80 3110 115 3164 in
132 3111 191 3164 hac
209 3107 276 3178 ipsa
289 3108 483 3177 propositione
496 3109 582 3163 toties
595 3107 683 3163 tacite
698 3108 737 3162 sit
749 3112 892 3177 murrata.
919 3108 1015 3177 itaqua
1029 3118 1109 3178 puto,

83 3181 173 3235 uerba
191 3178 247 3233 ml
265 3174 336 3233 tut
348 3179 398 3235 lin.
416 3184 450 3233 21
469 3210 504 3219 -
522 3177 657 3245 δευτέρας
676 3179 724 3233 lin.
743 3184 779 3232 23
798 3178 941 3232 subditiva
958 3195 1027 3233 me

74 3360 109 3411 N
124 3375 142 3413 e
161 3374 239 3413 cort.
258 3356 296 3411 V.
388 3362 431 3410 la.
451 3351 531 3426 lzslj
550 3355 581 3409 in
599 3372 651 3410 m
669 3374 707 3409 m.
728 3364 741 3407 l
761 3355 792 3410 P.
882 3350 959 3409 tem
978 3356 1010 3410 Ρ.

71 3433 155 3483 ΔΖΒ
174 3428 214 3498 Β,
235 3430 318 3482 ΖΒΔ
336 3445 364 3495 q.
420 3431 464 3479 21.
483 3427 545 3497 ΒΖ]
564 3426 659 3496 'prius
683 3442 767 3494 supra
787 3444 838 3480 scr.
858 3431 904 3479 BA
923 3445 960 3479 na
981 3434 997 3479 l
1015 3426 1049 3479 Β.
1154 3438 1157 3461 ¹

70 3500 135 3572 BZ]
154 3504 209 3555 ΖΒ
228 3498 265 3555 P.
339 3504 383 3552 2⁶.
400 3498 465 3570 ΖΒζΙ
484 3501 534 3552 ΒΖ
553 3516 584 3569 q.
