2340 3818
105 152 169 216 110
475 152 677 206 εεοεεεεαα
696 150 746 205 ιε’.

103 300 178 360 ΝΠ
205 292 320 379 βάσιν,
348 293 454 374 οὕτως
480 291 500 379 ἡ
526 300 605 361 ΜΓ
627 293 711 382 πρὸς
737 295 798 381 τὴν
823 299 903 361 ΑΗ.
948 303 1016 361 νῦν
1040 299 1119 376 ΑΒ,

103 405 168 466 ΓΛ
196 398 261 486 άρα
290 402 433 487 στερεῶν
461 401 802 487 παραλληλεπιπέδων
831 396 1117 466 ἀντιπεπόνθασιν

103 507 142 571 αἴ
162 505 278 590 βάσεις
300 519 371 586 τοῖς
393 505 525 587 ὕψεσιν.

170 611 282 680 Πάλιν
301 614 343 698 δὴ
362 615 431 679 νῦν
445 620 477 678 A
482 618 510 678 B
515 662 525 696 ‚
541 616 607 677 ΓΛ
620 613 764 699 στερεῶν
779 611 1117 700 παραλληλεπιπέδων

68 737 84 786 5
104 717 443 787 ἀντιπεπονθέτωσαν
462 721 500 784 αἱ
516 716 631 803 βάσεις
648 731 719 799 τοῖς
736 716 874 805 ὕψεσιν,
896 719 953 785 καὶ
972 722 1057 785 ἔστω
1077 714 1120 798 ὡς

102 821 123 911 ἡ
147 833 210 893 ΕΘ
233 823 332 910 βάσις
354 825 436 912 πρὸς
457 825 520 910 τὴν
543 831 622 891 ΝΠ
640 823 757 911 βάσιν,
780 821 888 904 οὕτως
910 824 948 892 τὸ
971 826 1034 892 τοῦ
1059 828 1119 890 ΓΔ

103 935 240 1018 στερεοῦ
267 928 354 1011 ὕψος
379 931 463 1018 πρὸς
489 931 527 998 τὸ
555 933 616 998 τοῦ
639 938 703 997 AB
733 933 869 1019 στερεοῦ
892 928 993 1012 ὕψος·
1023 930 1119 1016 λέγω,

103 1037 154 1105 ὕτι
178 1045 254 1104 ἴσον
278 1037 344 1104 ἐστὶ
368 1038 406 1104 τὸ
429 1043 495 1105 ΑΒ
519 1038 654 1125 στερεὸν
676 1041 722 1129 τῷ
746 1043 809 1105 ΓΛ
831 1040 963 1128 στερεῷ.

159 1140 335 1209 Ἔστωσαν
363 1145 454 1231 [γὰρ]
484 1141 586 1210 πάλιν
609 1146 646 1210 αἱ
667 1144 881 1229 ἐφεστηκυῖαι
903 1143 986 1230 πρὸς
1010 1141 1119 1230 ὀρδδις

51 1266 84 1315 10
104 1261 176 1326 ταῖς
198 1247 348 1331 βάσεσιν.
393 1249 450 1315 καὶ
477 1252 508 1315 εἴ
535 1247 596 1335 μὲν
625 1255 680 1334 ἴση
709 1249 800 1316 ἐστὶν
826 1245 848 1334 ἡ
871 1255 935 1315 ΕΘ
957 1247 1056 1334 βάσις
1077 1273 1117 1338 τη

103 1360 180 1421 ΝΠ
200 1353 305 1440 βάσει,
333 1359 392 1421 καί
413 1357 504 1422 ἐστιν
527 1352 573 1433 ῦς
594 1352 616 1441 ἡ
639 1362 703 1422 ΕΘ
729 1353 827 1440 βάσις
854 1351 939 1442 πρδς
960 1352 1022 1441 τὴν
1046 1362 1122 1423 ΝΠ

103 1458 220 1545 βάσιν,
252 1457 358 1540 οὕτως
384 1459 422 1528 τὸ
445 1464 508 1528 τοῦ
534 1465 598 1531 ΓΔ
621 1465 757 1549 στερεοῦ
780 1458 867 1541 ὕψος
889 1459 973 1549 πρὸς
995 1459 1034 1528 τὸ
1057 1462 1119 1528 τοῦ

102 1572 172 1632 AB
192 1569 327 1654 στερεοῦ
351 1563 452 1651 ὕψος,
476 1575 552 1634 ἴσον
575 1564 642 1654 άρα
665 1567 735 1633 ἐστὶ
757 1566 813 1632 καῖ
831 1563 869 1633 τὸ
888 1569 950 1633 τοῦ
966 1572 1033 1633 ΓΔ
1051 1585 1119 1634 στε-

103 1675 184 1758 ρεοῦ
207 1669 294 1755 ὕψος
316 1676 362 1764 τῷ
385 1675 446 1740 τοῦ
467 1679 531 1739 ΑΒ
555 1675 691 1760 στερεοῦ
714 1669 803 1754 ὕψει.
839 1669 879 1740 τὰ
904 1671 942 1740 δὲ
961 1673 1015 1740 ἐπὶ
1035 1681 1118 1741 ἴσων

50 1795 83 1844 15
102 1781 235 1863 βάσεων
254 1798 370 1866 στερεα
389 1782 701 1866 παραλληλεπίπεδα
718 1779 775 1846 καὶ
794 1776 860 1847 ῦπδ
879 1777 916 1846 τὸ
933 1776 1016 1847 αὐτὸ
1031 1776 1119 1861 ὕψος

103 1891 159 1951 ἴσα
182 1882 339 1971 ἀλλήλοις
362 1886 468 1953 ἐστίν·
493 1892 568 1954 ἴσον
592 1883 659 1971 άρα
681 1887 750 1953 ἐστὶ
773 1885 811 1953 τὸ
831 1894 897 1953 ΑΒ
917 1883 1054 1973 στερεὸν
1072 1889 1117 1978 τῷ

102 1994 169 2055 ΓΛ
192 1992 323 2077 στερεῷ.

170 2094 230 2180 Μὴ
255 2100 337 2162 ἔστω
362 2097 404 2181 δὴ
428 2095 449 2181 ἡ
465 2103 528 2163 ΕΘ
546 2095 643 2181 βάσις
661 2099 700 2183 τῇ
715 2101 793 2162 ΝΠ
809 2095 931 2182 [βάσει]
948 2105 1019 2184 ἴση,
1044 2097 1116 2166 ἀλλ’

103 2204 185 2267 ἔστω
196 2204 316 2285 μείζων
326 2198 346 2286 ἡ
358 2208 434 2268 ΕΘ·
448 2208 561 2287 μεῖζον
571 2200 636 2288 άρα
647 2201 715 2269 ἐστὶ
724 2199 827 2270 καὶτὸ
838 2206 898 2270 τοῦ
909 2209 971 2270 ΓΔ
981 2208 1119 2290 στερεοῦ
1150 2208 1163 2248 ⁴

49 2324 84 2373 νο
102 2303 189 2388 ὕψος
214 2309 276 2372 τοῦ
303 2309 364 2373 τοῦ
393 2314 457 2373 ΑΒ
486 2311 622 2392 στερεοῦ
649 2307 774 2392 ὕψους,
802 2310 973 2377 τουτέστιν
1001 2307 1163 2396 ἡΓΜἼ

101 2415 160 2498 τῆς
183 2417 263 2479 ΑΗ.
303 2416 429 2478 κείσθω
452 2415 492 2500 τῇ
516 2418 592 2478 ΑΗ
611 2418 666 2497 ἴση
690 2411 793 2480 πάλιν
815 2411 837 2500 ἡ
862 2419 933 2500 ΓΤ,
956 2416 1013 2483 ααλ
1037 2435 1119 2502 σνμ-
1133 2454 1163 2465 -

102 2516 333 2603 πεπληράσθω
363 2514 486 2602 ὁμοίως
511 2515 549 2584 τδ
574 2523 643 2585 ΓΦ
670 2518 814 2607 στερεόν.
864 2523 937 2588 ἐπεί
957 2523 1049 2591 ἐστιν
1073 2519 1163 2602 οἱς-

102 2621 123 2710 ἡ
144 2630 207 2690 ΕΘ
229 2621 327 2707 βάσις
349 2621 433 2710 πρὸς
455 2621 517 2709 τὴν
538 2630 615 2690 ΝΠ
632 2623 745 2710 βάσιν,
769 2623 875 2706 οὕτως
897 2623 918 2712 ἡ
940 2634 1016 2695 ΜΓ
1033 2627 1163 2716 πρὸς-

101 2726 163 2816 τὴν
186 2735 273 2815 ΑΗ,
298 2736 353 2814 ἴση
378 2729 416 2796 δὲ
438 2725 458 2814 ἡ
484 2736 559 2796 ΑΗ
577 2733 616 2817 τῇ
637 2736 714 2816 ΓΤ,
738 2735 828 2798 ἔστιν
852 2729 918 2820 άρα
941 2729 986 2812 ὡς
1008 2761 1030 2820 η
1056 2740 1163 2801 Ee·

50 2855 84 2903 25
104 2835 202 2921 βάσις
229 2834 313 2922 πρὸς
339 2833 401 2921 τὴν
425 2842 503 2902 ΝΠ
526 2835 641 2922 βάσιν,
671 2833 777 2916 οὕτως
805 2834 825 2923 ἡ
849 2843 927 2904 ΓΜ
948 2837 1033 2923 πρὸς
1055 2837 1150 2926 τηεν

103 2947 173 3009 ΓΤ.
211 2938 284 3009 ἀλλ’
311 2939 356 3020 ὡς
378 2939 440 3027 μὲν
462 2939 483 3027 ἡ
503 2948 571 3008 ΕΘ
590 2941 712 3028 [βάσις]
732 2940 814 3031 πρὸς
832 2941 895 3030 τὴν
912 2950 991 3011 ΝΠ
1005 2943 1133 3030 βάσιν,

104 3045 210 3126 οὕτως
232 3045 270 3113 τὸ
296 3054 360 3115 ΑΒ
391 3049 528 3134 στερεὸν
556 3045 639 3135 πρὸς
660 3047 697 3115 τὸ
723 3055 789 3116 ΓΦ
812 3048 961 3138 στερεόν·
990 3054 1128 3137 ἴσοῦψῆ

104 3155 168 3240 γάρ
193 3156 261 3221 ἐστι
285 3150 325 3219 τά
345 3161 425 3236 ΑΒ,
445 3158 512 3221 ΓΦ
534 3153 664 3240 στερεά·
688 3151 733 3234 οὕς
756 3154 793 3222 δὲ
816 3152 837 3241 ἡ
857 3162 934 3222 ΓΜ
950 3154 1036 3242 πρὸς
1055 3155 1132 3242 τὴν

159 3360 200 3456 ι.
223 3405 287 3457 ναι
302 3403 328 3457 b.
419 3406 483 3470 AB,
502 3402 570 3473 m]
590 3418 644 3458 om.
663 3400 724 3455 εν.
815 3408 840 3460 ε,
860 3398 930 3473 apa]
950 3391 1032 3459 εῖν.

93 3477 118 3523 3,
141 3467 230 3538 ὕψεσι
254 3473 306 3528 Vb.
383 3478 407 3531 4.
430 3477 481 3529 ΓΔ
501 3467 557 3545 ἄρα
578 3474 603 3527 b.
688 3472 989 3546 παραλληλεπιπέδων]
1008 3492 1063 3530 om.
1085 3476 1125 3532 V.
