2340 3818
356 149 630 202 ELEMENTORUM
649 149 759 199 LIBER
776 150 823 202 XI.
1050 146 1091 209 51

79 293 257 360 dicularem
285 314 364 358 esse.
414 312 491 377 ergo
516 296 586 356 AE
610 293 745 375 planum
769 289 808 355 ad
832 288 1000 355 subiacens
1023 311 1094 374 per-

76 400 285 485 pendiculare
309 402 368 464 est.
407 399 473 464 iam
497 399 647 464 simililer
666 395 972 479 demonstrabimus,
995 396 1094 460 etiam

78 508 192 574 omnia
212 507 326 591 plana,
349 528 432 590 quae
450 527 508 588 per
526 509 591 570 AB
609 504 781 588 ducantur,
805 501 846 567 ad
869 501 1001 584 planum
1021 501 1095 566 sub·

76 614 188 679 iacens
211 611 489 696 perpendicularis
512 632 591 677 esse.

146 719 237 804 Ergo
265 719 294 783 si
320 721 409 783 recia
437 717 477 783 ad
506 719 639 803 planum
663 715 797 802 aliquod
821 712 1096 800 perpendicularis

83 829 149 908 est,
175 825 271 890 etiam
299 824 409 889 omnia
433 826 544 909 plana,
572 845 656 908 quae
679 844 739 906 per
762 844 833 886 eam
857 821 1032 904 ducuntur,
1055 817 1097 883 ad

83 931 171 996 idem
193 931 323 1015 planum
341 931 618 1015 perpendicularia
637 932 747 1013 eruul3
772 927 858 1013 quod
877 931 948 992 erat
967 927 1095 991 demon·

82 1037 260 1103 strandum.
278 1088 283 1095 .

547 1211 634 1277 XIX.

148 1337 183 1404 Si
206 1338 269 1402 duo
293 1337 393 1421 plana
415 1337 502 1401 inter
525 1359 560 1401 se
583 1337 728 1401 secantia
752 1337 793 1401 ad
811 1336 945 1421 planum
965 1336 1096 1421 aliquod

76 1444 357 1530 perpendicularia
389 1449 480 1527 sunt,
513 1446 613 1508 eliam
645 1445 826 1509 communis
855 1465 966 1508 eorum
996 1443 1095 1508 sectio

77 1552 119 1616 ad
143 1552 230 1615 idem
253 1550 386 1634 planum
409 1550 684 1635 perpendicularis
708 1551 779 1615 erit.

147 1656 235 1722 Nam
253 1657 316 1721 dno
334 1655 436 1738 plana
453 1661 518 1721 AB
523 1707 533 1742 ‚
551 1660 617 1721 ΒΓ
631 1657 671 1722 ad
686 1659 819 1742 planum
840 1657 1010 1722 subiacens
1024 1679 1100 1740 per·

561 1763 782 1847 pendicularia
806 1763 885 1845 sint,
909 1767 942 1827 et
956 1784 1100 1827 commu·

559 1869 611 1933 nis
649 1892 760 1935 eorum
798 1869 898 1934 sectio
938 1869 983 1932 sil
1020 1871 1101 1933 ΒΛ.

560 1975 646 2058 dico,
674 1980 742 2040 BA
770 1974 967 2056 adplenum
991 1972 1095 2037 subia-

560 2103 635 2146 cens
658 2080 957 2164 perpendicularem
982 2101 1060 2144 esse.

626 2186 677 2252 Ne
715 2188 759 2251 sit
796 2186 895 2270 enim,
937 2190 970 2252 et
1007 2209 1027 2251 a
1063 2190 1100 2248 Δ

558 2297 678 2377 puncto
701 2292 736 2357 in
758 2294 857 2377 plano
876 2297 941 2357 AB
965 2292 1005 2358 ad
1029 2313 1096 2356 rec·

558 2403 626 2464 tam
650 2405 720 2464 ΑΛ
743 2400 1018 2483 perpendicularis
1042 2399 1098 2462 du·

559 2510 650 2570 catur
662 2510 743 2587 AE,
758 2508 791 2571 in
801 2509 868 2570 ΒΓ
878 2511 987 2570 autem
997 2506 1096 2589 plano

564 2612 604 2675 ad
618 2615 685 2677 ΓΔ
699 2611 975 2697 perpendicularis
991 2608 1096 2692 AZ.¹)

77 2717 112 2778 et
127 2716 280 2797 quoniam
294 2719 359 2780 AB
373 2717 508 2801 planum
525 2717 563 2781 ad
579 2718 748 2782 subiacens
763 2716 1023 2802 perpendiculare
1038 2719 1096 2799 est,

77 2822 112 2882 et
135 2818 177 2883 ad
200 2840 403 2884 communem
427 2843 538 2886 eorum
561 2822 735 2886 sectionem
760 2827 830 2886 ΑΛ
853 2822 888 2886 in
910 2823 1009 2905 plano
1028 2825 1095 2886 AB

75 2924 354 3008 perpendicularis
369 2926 466 2991 duola
481 2931 530 2990 est
544 2932 578 2990 A
583 2931 625 3010 E,
640 2931 710 2991 ΛΕ
724 2928 765 2993 ad
779 2929 911 3012 planum
926 2929 1095 2993 subiacens

75 3029 352 3113 perpendicularis
376 3035 425 3096 esd
449 3031 523 3113 [def.
537 3033 583 3112 4].
620 3032 774 3097 similiter
793 3034 1095 3116 demonstrabimus

149 3258 177 3324 1)
195 3255 270 3312 Nam
288 3243 313 3311 si
327 3258 482 3314 communis
498 3259 645 3328 planorum
660 3259 751 3314 sectio
768 3260 804 3314 ad
818 3261 933 3329 planum
949 3261 1094 3316 subiacens

72 3327 316 3398 perpendicularis
335 3345 392 3383 non
411 3332 465 3396 est,
484 3329 520 3383 ad
538 3332 629 3384 rectas
645 3334 713 3396 ΔΑ,
730 3335 788 3383 ΔΓ
799 3333 890 3386 rectos
905 3334 1023 3402 angulos
1038 3348 1094 3385 non

74 3397 190 3454 efficiet.
228 3414 294 3468 ergo
313 3400 343 3453 et
359 3399 389 3452 in
406 3401 492 3469 plano
512 3404 560 3453 AB
585 3402 614 3454 et
631 3399 661 3454 in
680 3406 738 3454 ΒΓ
754 3401 834 3457 locus
852 3405 897 3458 eal
912 3403 1103 3475 perpendam·

70 3469 129 3524 lari
147 3469 186 3524 ad
203 3474 260 3523 ΑΔ
278 3469 359 3525 etad
378 3470 483 3525 Al'in
503 3474 670 3531 derectae.

924 3565 966 3622 a*
1001 3562 1025 3595 ·

1146 3638 1166 3785 l
