2340 3818
339 148 616 202 ammauroaum
628 149 738 201 amna
755 149 831 202 xm.
1030 145 1096 212 339

73 294 202 379 potest3
233 312 310 368 nam
343 293 448 356 omnis
480 292 620 377 angrlus
650 292 775 356 solidus
805 292 911 355 minus
942 295 1098 376 quattuor

75 396 176 461 rectis
200 397 484 480 comprehenditur
504 397 573 482 [XL
587 397 655 478 21].
687 396 800 462 eadem
821 397 861 462 de
880 418 980 463 causa
997 420 1040 463 ne
1059 420 1098 463 ex

74 502 225 586 pluribus
244 503 373 588 quidem
393 526 490 588 quam
512 525 570 569 sex
584 503 715 589 angulis
735 503 842 587 planis
860 502 983 568 solidus
999 523 1100 589 angu-

76 606 130 672 lus
153 611 363 676 construitur.
404 611 513 675 tribus
537 613 646 675 autem
670 609 836 694 quadratis
861 608 1002 694 angulus
1026 610 1100 674 cubi

77 716 371 800 comprehenditur.
417 720 574 801 quattuor
602 719 710 782 autem
733 716 861 803 nullus3
887 737 964 781 nam
987 736 1099 780 rursus

77 823 235 904 quattuor
262 822 345 888 recti
373 826 478 889 erunt.
527 823 723 909 pentagonis
751 826 860 887 autem
888 821 1098 906 aequilateris

76 931 111 992 et
136 927 363 1014 aequiangulis
385 929 491 993 tribus
516 930 654 1014 angulus
678 928 868 995 dodecaedri
890 926 1099 1011 comprehen-

76 1033 172 1120 ditur,
200 1037 356 1118 quattuor
374 1038 482 1099 autem
499 1035 622 1119 nullus3
640 1057 717 1100 nam
737 1057 809 1100 cum
828 1035 968 1120 angulus
986 1036 1099 1118 penta-

76 1141 156 1226 goni
183 1141 377 1226 aequilateri
401 1140 547 1224 aequalis
571 1141 616 1206 sit
638 1144 727 1206 recto
751 1142 872 1226 angulo
893 1161 1006 1224 cumq
1031 1138 1038 1153 '
1063 1143 1099 1204 ta

75 1250 169 1331 parte
196 1247 291 1330 recti,
325 1250 480 1331 quattuor
509 1246 622 1332 anguli
649 1249 804 1331 quattuor
831 1247 930 1312 rectis
958 1245 1097 1311 maiores

76 1356 185 1437 erunt3
219 1351 304 1438 quod
335 1353 408 1417 fieri
438 1373 505 1417 non
537 1355 654 1436 potest.
708 1351 820 1416 eadem
855 1351 894 1417 de
927 1375 1025 1418 causa
1056 1373 1097 1416 ne

77 1458 151 1523 aliis
181 1458 311 1543 quidem
338 1459 453 1543 figuris
481 1459 654 1544 polygonis
683 1458 822 1544 angulus
857 1459 980 1525 solidus
1009 1480 1094 1524 com-

73 1565 301 1650 prehendetur.

144 1692 223 1757 crgo
252 1675 381 1756 praeter
409 1671 550 1757 quinque
578 1672 714 1757 figuras,
744 1692 824 1755 quas
847 1669 1096 1752 nominauimus,

73 1779 166 1843 nulla
189 1778 255 1843 alia
277 1777 383 1862 figura
402 1778 507 1844 solida
525 1779 732 1844 construetur
751 1775 865 1860 figuris
885 1775 1094 1860 aequilateris

75 1888 110 1949 et
120 1885 347 1970 aequiangulis
357 1885 605 1968 comprehensa3
620 1883 707 1969 quod
717 1886 787 1995 erat
797 1880 1094 1948 demonstrandum.

503 2078 662 2144 Lemma

143 2203 310 2289 Angulum
343 2206 451 2268 autem
482 2202 661 2288 pentagoni
693 2201 886 2288 aequilateri
918 2203 952 2265 et
983 2200 1090 2284 aequi-

73 2309 188 2394 anguli
220 2309 389 2394 aequalem
421 2330 492 2374 esse
520 2308 641 2392 angulo
669 2311 758 2372 recto
787 2311 819 2372 et
847 2305 979 2390 quintae
1007 2306 1094 2389 parti

71 2417 169 2500 recti,
193 2416 239 2480 sic
263 2414 558 2483 demonstrandum.

142 2523 187 2588 sit
206 2523 292 2588 enim
306 2525 527 2606 pentagonum
542 2519 778 2604 aequilaterum
794 2521 827 2583 et
841 2515 1092 2601 aequiangulum

72 2631 246 2713 ΑΒΓΔΕ,
260 2632 293 2693 et
306 2628 427 2693 circum
440 2627 474 2693 id
489 2625 626 2692 circulus
641 2624 924 2690 circumscribatur
937 2623 1096 2686 ΑΒΓΔΕ

71 2734 145 2820 [IV,
170 2737 242 2819 14],
271 2739 303 2800 et
325 2737 474 2800 sumatur
496 2735 645 2798 centrum
669 2731 737 2796 eius
761 2733 789 2793 Z
813 2728 890 2813 UH,
909 2730 959 2809 1],
983 2731 1015 2792 et
1038 2727 1093 2793 du·

71 2844 190 2908 cantur
213 2845 287 2926 ZA,
310 2845 386 2925 ZB,
408 2841 480 2919 ΖΓ,
503 2842 584 2922 ΖΔ,
608 2842 678 2902 ΖΕ.
723 2836 832 2921 itaque
855 2835 992 2920 angulos
1014 2856 1093 2918 pen·

70 2948 189 3034 tagoni
221 2947 261 3012 ad
290 2951 336 3030 A,
363 2950 406 3030 B,
433 2948 470 3029 Γ,
498 2949 549 3030 A,
582 2950 614 3009 E
638 2943 764 3029 positos
796 2943 832 3007 in
858 2942 952 3007 binas
980 2945 1092 3024 partes

72 3055 225 3139 aequales
249 3055 360 3118 secant
383 3051 422 3136 [l,
442 3052 488 3132 4].
525 3055 558 3116 et
576 3049 729 3134 quoniam
754 3048 896 3133 quinque
919 3049 1033 3132 anguli
1052 3048 1092 3113 ad

73 3287 116 3336 14.
137 3277 364 3351 συσταθήσεται
381 3277 413 3348 Ρ,
431 3295 501 3334 corr.
520 3295 557 3333 m.
576 3293 632 3334 reo.
693 3282 734 3333 16.
754 3276 862 3348 λῆμμα]
883 3292 937 3331 om.
957 3274 1037 3330 codd.

73 3358 117 3408 17.
136 3348 182 3407 ὅτε
203 3370 229 3421 q.
319 3370 350 3406 τε
368 3351 422 3405 καί
437 3349 468 3404 V.
561 3349 630 3404 Post
648 3347 797 3418 ἰσογωνίου
817 3347 880 3420 add.
899 3347 952 3401 καί
968 3363 994 3414 q.

73 3430 116 3479 18.
137 3419 212 3479 ἔστιν
230 3421 289 3478 PB.
353 3420 480 3490 πέμπτον
499 3437 526 3488 q.
592 3425 636 3475 20.
654 3439 684 3476 τε
703 3420 756 3474 καί
770 3417 805 3474 V.
869 3423 911 3472 22.
931 3414 977 3488 τό]
992 3415 1091 3486 (prius)

72 3512 129 3550 om.
150 3512 175 3563 q.
255 3498 298 3550 24.
318 3489 466 3562 cimonem
485 3489 545 3547 PB.

896 3571 959 3629 *lia*
