2340 3818
437 136 619 189 Αεεεειουε
636 139 672 189 11.
995 135 1059 201 397

43 281 207 366 πυραμίδι
229 283 403 362 πρίσματα.
440 281 532 345 ἔσται
556 276 621 364 ἀρα
645 277 690 358 ὡς
713 281 750 346 ἓν
773 283 841 346 τῶν
859 275 1060 364 ἡγουμένων

42 381 130 470 πρὸς
161 386 199 449 ἓν
231 387 298 451 τῶν
331 382 519 468 ἑπομένων,
552 380 683 451 ἅπαντα
710 383 751 450 τά
780 382 950 470 ἡγούμενα
977 383 1061 471 πρὸς

44 486 178 555 ἅπαντα
209 487 264 556 τά
283 488 438 575 ἑπόμενα.
485 493 575 557 ἔστιν
607 487 673 576 ἀρα
706 486 750 569 ἀς
782 486 803 575 ή
833 494 936 556 ΑΒΓ
963 488 1061 573 βάσις

40 592 128 681 πρὸς
150 592 211 680 τήν
230 597 344 670 ΜΝΞ
360 594 477 680 βάσιν,
502 592 608 675 οὕτως
630 595 670 663 τά
690 597 727 663 ἐν
749 599 788 684 τῇ
808 601 942 662 ΑΒΓΔ
960 617 1061 682 πυρα·

42 705 120 787 μίδι
142 707 309 786 πρίσματα
331 698 415 786 πρὸς
436 699 478 767 τά
502 702 539 768 ἐν
561 704 601 789 τή
623 704 767 777 ΜΝΞΟ
785 705 947 788 πυραμίδι
966 705 1059 788 πρίσ-

41 832 132 892 ματα
154 810 262 873 πάντα
286 809 464 894 ίσοπλῃθή.

111 1021 159 1085 Δί
183 1016 249 1087 ὑπὸ
278 1017 316 1087 τὸ
344 1017 426 1088 αὐτὸ
454 1018 541 1100 ὕψος
569 1013 667 1088 οὖσαι
700 1024 883 1106 πυραμίδες
910 1020 965 1086 καὶ
992 1040 1094 1105 τρι-5

41 1124 177 1210 γάνους
195 1130 332 1212 ἔχουσαι
346 1126 460 1211 βάσεις
474 1124 557 1212 πρὸς
571 1125 715 1212 ἀλλήλας
729 1127 815 1194 εἰσὶν
830 1123 875 1204 ὡς
890 1128 927 1191 αί
937 1124 1059 1210 βάσεις.

112 1235 262 1298 ἔστωσαν
288 1227 353 1299 ὑπὸ
382 1231 420 1300 τὸ
450 1231 531 1300 αὐτὸ
562 1230 648 1313 ὕψος
670 1237 852 1319 πυραμίδες
875 1231 1060 1318 τριγώνους

42 1341 180 1423 ἔχουσαι
203 1335 317 1422 βάσεις
335 1340 395 1417 τάς
413 1344 522 1423 ΑΒΓ,
545 1341 659 1415 ΜΝΞ
675 1341 712 1406 αί
731 1344 877 1422 ΑΒΓΔ,
900 1340 1059 1421 ΜΝΞΟ,

42 1442 196 1529 κορυφάς
220 1442 256 1510 δέ
278 1442 320 1510 τδι
344 1454 392 1528 Δ,
423 1452 602 1531 Οσῃμεία.
648 1447 748 1530 λέγω,
777 1443 827 1512 ὅτι
856 1444 947 1511 ἐστὶν
971 1440 1058 1529 ὡςή

43 1553 150 1616 ΑΒΓ
167 1548 264 1634 βάσις
286 1548 369 1636 πρὸς
391 1548 455 1635 τήν
478 1553 592 1627 ΜΝΞ
612 1549 728 1636 βάσιν,
753 1547 859 1629 οὕτως
881 1546 901 1634 ἡ
926 1555 1060 1616 ΑΒΓΔ

44 1653 192 1741 πυραμὶς
214 1653 297 1742 πρὸς
318 1653 382 1741 τήν
404 1658 550 1732 ΜΝΞΟ
572 1660 752 1744 πυραμίδα.

113 1763 145 1827 εί
166 1763 229 1847 γάρ
253 1760 297 1846 μή
321 1763 411 1829 ἐστιν
430 1759 475 1842 ὡς
493 1760 513 1847 ή
533 1770 599 1830 ΑΒ
606 1768 639 1830 Γ
652 1761 748 1847 βάσις
766 1759 850 1846 πρὸς
867 1759 930 1846 τήν
949 1766 1031 1826 ΜΝ
1032 1762 1062 1836 ,Ξ

45 1865 162 1952 βάσιν,
196 1865 301 1947 οὕτως
329 1864 350 1953 ή
378 1874 511 1936 ΑΒΓΔ
542 1869 687 1955 πυραμὶς
713 1865 796 1955 πρὸς
822 1865 884 1953 τήν
913 1869 1059 1942 ΜΝΞΟ

44 1976 230 2059 πυραμίδα,
249 1978 340 2041 ἔσται
359 1972 425 2060 ἀρα
444 1974 489 2054 ὡς
506 1972 527 2061 ή
542 1981 644 2042 ΑΒΓ
658 1974 756 2060 βάσις
773 1972 855 2056 πρὸς
873 1970 934 2059 τήν
947 1978 1031 2039 ΜΝ
1031 1975 1062 2048 Ξ

45 2075 160 2164 βάσιν,
185 2076 291 2158 οὕτως
313 2076 334 2165 ἡ
354 2086 486 2147 ΑΒΓΔ
509 2081 653 2168 πυραμὶς
676 2079 750 2167 ήτοι
773 2079 855 2166 πρὸς
873 2080 1009 2146 ἔλαττόν
1027 2104 1058 2146 τι

44 2187 105 2268 τής
127 2187 274 2261 ΜΝΞΟ
301 2189 488 2272 πυραμίδος
511 2185 647 2273 στερεὸν
669 2183 691 2272 ή
714 2178 798 2274 πρὸς
821 2191 940 2272 μεῖζον.
976 2189 1058 2252 ἔστω

43 2286 127 2376 πρὸς
146 2294 283 2358 ἔλαττον
300 2290 338 2359 τὸ
357 2297 406 2376 Ω,
425 2291 480 2358 καὶ
499 2296 538 2379 τῇ
558 2298 640 2359 ΜΝ
640 2293 702 2368 ΞΟ
720 2296 882 2378 πυραμίδι
901 2299 956 2358 ίσα
975 2297 1058 2360 ἔστω

44 2393 86 2460 τὰ
104 2400 153 2480 Ω,
177 2404 211 2464 Χ
229 2401 345 2482 χωρία,
369 2397 424 2463 καὶ
448 2395 624 2484 διῃρήσθω
643 2395 664 2484 ἡ
683 2400 829 2475 ΜΝΞΟ
846 2399 989 2484 πυραμὶς
1012 2407 1060 2478 είς

44 2527 80 2569 τε
107 2500 172 2570 δύο
198 2507 388 2589 πυραμίδας
415 2510 488 2582 ίσας
515 2501 674 2589 ἀλλήλαις
701 2505 756 2571 καὶ
785 2501 903 2592 ὁμοίας
929 2508 968 2593 τῃ
997 2502 1057 2591 ὅλῃ

45 2607 101 2674 καὶ
125 2610 172 2686 είς
195 2607 258 2676 δύο
281 2612 456 2695 πρίσματα.
498 2614 630 2695 μείζονα
653 2608 719 2697 ἀρα
742 2602 817 2676 ἐστὶ
833 2608 874 2676 τὰ
893 2615 1058 2695 πρίσματα

44 2715 103 2798 τῆς
137 2710 216 2799 ὅλης
245 2718 431 2801 πυραμίδος
458 2711 479 2800 ή
506 2713 543 2782 τὸ
572 2717 682 2802 ήμισυ.
727 2716 903 2801 τέμνοντες
931 2717 972 2801 δή
1000 2716 1059 2795 τὰς

42 2815 306 2905 ὑπολειπομένας
333 2825 523 2907 πυραμίδας
551 2829 597 2900 είς
624 2847 658 2888 τε
686 2820 749 2888 δύο
772 2826 995 2908 πνραμίδαςί
995 2831 1058 2900 σας

43 2921 203 3011 ἀλλήλαις
235 2927 338 2993 καὶ
324 2932 405 3015 ομοί
404 2955 441 3007 ας
472 2932 511 3016 τή
546 2925 606 3016 ὅλῃ
639 2927 754 2995 ναὶεί
741 2926 862 3004 ίςδάο
890 2931 1056 3013 πρίσματα

45 3038 101 3098 ἴσα
139 3030 289 3119 λήψομέυ
321 3058 415 3112 τινας
447 3032 680 3122 πυραμίδας’
663 3033 726 3101 απὸ
754 3039 813 3119 τής
844 3035 923 3118 ὅλης
956 3056 1056 3120 πυρα-

43 3139 151 3222 μίδος,
176 3145 196 3202 α’
198 3141 363 3206 ΐέσονται
383 3138 560 3218 ἐλάσσονες
578 3143 639 3208 τοῦ
659 3147 693 3205 Χ
708 3144 852 3228 στερεοῦ.
883 3137 1056 3225 λελήφθω-

42 3261 107 3309 σαν
130 3244 187 3309 καὶ
211 3247 359 3312 ἔστωσαν
383 3248 421 3312 αί
437 3253 599 3331 ΜΠΣΡ,
626 3253 732 3314 TYO.
774 3247 843 3314 ἐπεὶ
867 3237 929 3314 οὖν
952 3243 972 3331 ή
996 3268 1056 3313 πν-

42 3348 143 3435 ραμλς
176 3356 231 3435 ίσῃ
265 3352 333 3418 ἐστὶ
365 3365 434 3431 τοῖς
466 3365 611 3439 στερεοῖς
643 3355 691 3430 είς
718 3351 758 3418 τά
788 3352 1056 3437 καταλελῃμμένα

41 3452 263 3542 ἀποτμήματα
290 3455 455 3525 ἐλάσσονά
484 3463 547 3526 είσι
575 3461 636 3526 τοῦ
660 3466 698 3526 Χ.
749 3457 848 3526 λοιπὰ
870 3456 939 3543 ἀρα
957 3456 1003 3522 τά
1025 3459 1062 3521 ἑο
