2340 3818
109 166 174 231 338
480 169 682 221 ΣΤΟΙΧΕΙΩΝ
700 165 750 237 ιγ’.

108 308 221 376 άπασα
243 307 309 396 γάρ
333 308 448 396 στερεά
471 315 578 395 γωνία
600 305 666 378 ὑπὸ
691 308 886 378 ἐλασσόνων
909 305 931 395 ἢ
954 307 1122 395 τεσσάρων

109 413 226 504 ὀρθῶν
245 417 437 505 περιέχεται.
470 414 527 484 διδι
545 415 585 484 τά
605 415 691 485 αὐτὰ
711 416 753 504 δη
773 414 855 485 οὐδὲ
872 412 939 483 ύπὸ
959 413 1123 483 πλειόνων

108 518 129 610 ἢ
153 525 187 606 ἓξ
209 533 346 610 γωνιῶν
369 524 534 592 ἐπιπέδων
558 521 675 613 στερεά
692 527 800 610 γωνία
818 527 1025 590 συνίσταται.
1061 517 1122 590 ὑπὸ

53 668 55 677 .
109 628 146 697 δὲ
169 630 388 718 τετραγώνων
410 634 514 720 τριῶν
541 627 562 717 ἡ
586 633 648 698 τού
669 628 777 716 κύβου
799 633 908 716 γωνία
929 630 1124 716 περιέχεται·

73 734 174 804 σύπὸ
201 736 239 804 δέ
266 736 437 825 τεσσάρων
465 734 650 805 άδύνατον·
679 740 812 806 ἔσονται
838 734 904 824 γάρ
931 734 1039 803 πάλιν
1062 735 1123 803 τέ-

109 861 208 929 σαρες
240 840 352 929 ὀρθαί.
401 840 467 910 ὑπὸ
501 842 539 910 δὲ
570 842 797 930 πενταγώνων
829 840 1043 928 ἰσοπλεύρων
1075 841 1123 908 καὶ

110 953 317 1035 ἰσογωνίων,
347 946 413 1016 ὑπὸ
442 948 504 1035 μὲν
526 953 630 1038 τριῶν
653 945 675 1036 ἡ
697 952 760 1017 τού
783 948 1035 1036 δωδεκαέδρου·
1063 945 1119 1014 ύπί

110 1056 147 1122 δὲ
165 1054 337 1144 τεσσάρων
356 1052 540 1123 ἀδύνατον·
560 1055 665 1143 ούσης
682 1054 748 1146 γάρ
762 1059 821 1143 τῆς
834 1058 895 1124 τοῦ
908 1053 1123 1140 πενταγώνου

110 1161 311 1248 ἰσοπλεύρου
342 1166 468 1247 γωνίας
499 1160 607 1248 ὀρθῆς
637 1161 694 1230 καί
726 1163 892 1249 πέμπτου,
925 1166 1064 1229 ἔσονται
1094 1162 1126 1227 αἰ
1163 1204 1166 1219 .

59 1284 91 1333 10
109 1269 266 1356 τέσσαρες
288 1273 408 1354 γωνίαι
431 1266 604 1355 τεσσάρων
628 1267 746 1358 ὀρθῶν
769 1275 916 1356 μείζους·
941 1267 1026 1355 ὅπερ
1051 1265 1124 1335 άδύ-
1164 1290 1166 1335 ε

109 1399 221 1440 νατον.
267 1372 348 1441 οὐδὲ
376 1372 442 1461 μην
469 1373 536 1442 ὑπὸ
564 1374 773 1461 πολυγώνων
800 1375 922 1461 έτέρων
950 1373 1124 1461 σχημάτων

109 1480 383 1567 περισχεθήσεται
407 1478 522 1568 στερεά
546 1485 653 1565 γωνία
677 1479 793 1549 διὰτὸ
817 1478 899 1548 αὐτὸ
924 1477 1065 1547 άτοπον.

178 1583 249 1653 Ούκ
272 1584 337 1671 άρα
360 1585 449 1669 παρὰ
472 1584 512 1652 τά
537 1587 696 1673 εἰρημένα
718 1587 816 1655 πέντε
838 1588 990 1675 σχήματα
1016 1587 1125 1673 ἕτερον

109 1695 219 1778 σχῆμα
247 1689 383 1779 στερεὸν
412 1691 658 1777 συσταθήσεται
681 1689 743 1759 ύπί
777 1690 989 1778 ἰσοπλεύρων
1018 1718 1056 1760 τε
1077 1691 1126 1759 καί
1163 1676 1166 1739 3

60 1816 91 1865 15
111 1801 300 1884 ἰσογωνίων
324 1795 573 1882 περιεχόμενον·
597 1797 679 1886 ὅπερ
703 1802 770 1866 ἔδει
795 1799 907 1879 δείξαι.

545 2053 695 2132 Λῆμμα.

169 2168 247 2235 Ὅτι
284 2168 326 2236 δέ
362 2167 383 2255 ἡ
420 2171 491 2237 τοῦ
529 2170 772 2258 ἰσοπλεύρου
807 2169 872 2236 καί
910 2172 1125 2256 ἰσογωνίου

109 2272 365 2358 πενταγώνου
405 2280 534 2361 γωνία
576 2272 676 2363 ι’ρθη
714 2276 796 2343 έστι
832 2275 896 2342 καὶ
933 2277 1124 2362 πέμπτον,

110 2380 210 2447 οὕτω
235 2381 424 2448 δεικτέον.

56 2505 90 2555 20
167 2483 275 2552 Ἔστω
303 2483 368 2573 γάρ
395 2477 612 2572 πεντάγωνον
641 2486 842 2574 ἰσόπλευρον
864 2487 921 2555 καὶ
945 2489 1124 2576 ἰσογώνιον

109 2589 147 2658 τὸ
170 2597 355 2676 ΑΒΓΔΕ,
382 2593 437 2659 καί
465 2592 726 2682 περιγεγράφθω
753 2594 829 2680 περὶ
857 2591 940 2662 αὐτὸ
963 2594 1125 2678 κύκλοςδ

109 2703 293 2785 ΑΒΓΔΕ,
320 2699 376 2766 καί
404 2698 557 2787 εἰλήφθω
586 2699 752 2768 αὐτοῦτὸ
775 2700 915 2788 κέντρον
938 2699 977 2768 τὸ
1004 2710 1047 2789 Ζ,
1075 2702 1125 2771 καί

110 2804 362 2890 ἐπεζεύχθωσαν
386 2808 423 2872 αἰ
443 2814 520 2892 ΖΑ,
545 2813 624 2891 ΖΒ,
647 2812 718 2892 ΖΓ,
743 2813 825 2892 ΖΔ,
849 2813 920 2874 ΖΕ.
962 2809 1043 2896 δίχα
1067 2808 1126 2897 άρα

109 2911 268 2996 τέμνουσι
295 2911 355 2992 τάς
383 2910 465 3000 πρὸς
488 2925 559 2992 τοῖς
582 2921 629 2998 Α,
657 2920 702 2998 Β,
730 2917 768 2997 Γ,
796 2919 841 2998 Δ,
868 2918 900 2978 Ε
924 2915 988 2980 τοῦ
1013 2938 1126 2983 πεντα-

184 3148 209 3198 2.
228 3138 326 3209 ὀρθῶν
346 3144 457 3212 γωνιῶν
476 3161 502 3211 q.
572 3138 640 3198 ούδέ
672 3159 726 3198 om.
746 3160 778 3228 (χ,
797 3136 862 3196 οόδ’
881 3141 911 3198 Ρ.
982 3149 1008 3198 3.
1023 3140 1057 3216 ἥ]
1078 3162 1126 3199 om
1164 3194 1166 3217 ,

112 3213 142 3282 Ρ,
162 3231 247 3283 ευριπ
266 3230 317 3268 scr.
336 3232 373 3270 m.
395 3221 408 3268 1
430 3214 459 3269 B.
533 3215 644 3284 γωνιῶν
676 3232 819 3284 τριγωνων
839 3231 865 3282 q.
939 3217 965 3270 5.
985 3212 1128 3286 τέσσαρεις
1164 3224 1166 3233 “

109 3285 139 3339 Ρ.
227 3290 251 3339 8.
271 3282 316 3355 δέ]
337 3301 391 3340 om.
412 3305 438 3355 q.
522 3282 689 3355 ἰσοπλεύρου
708 3283 893 3354 πενταγώνου
911 3283 945 3339 V.
1035 3293 1061 3341 9.
1081 3283 1126 3358 αἰ]
1164 3330 1166 3377 ,

110 3373 195 3426 supra
213 3375 250 3410 m.
269 3372 324 3410 rec.
343 3356 375 3412 P.
448 3360 490 3410 10.
509 3355 653 3428 τέσσαρες]
679 3375 722 3418 -ες
739 3356 770 3410 in
787 3372 841 3411 ras.
860 3374 896 3409 m.
918 3361 931 3409 1
951 3354 984 3412 P.
1023 3357 1058 3411 In
1076 3374 1127 3428 mg.
1164 3384 1166 3443 χ

104 3447 143 3482 m.
166 3434 252 3499 lpro
272 3427 395 3484 scholio:
415 3422 451 3490 ῶς
470 3428 559 3494 δείξει
578 3424 711 3483 ὑποκάτω
729 3426 760 3481 P.
844 3433 886 3482 11.
905 3430 1093 3497 πολνγωνίων
1110 3445 1128 3482 τι
1164 3456 1166 3483 ι

15 3564 17 3567 .
98 3503 168 3572 (non
186 3501 230 3576 P).
326 3494 447 3576 ἑτέρων]
468 3505 591 3572 στερεῶν
611 3518 641 3570 q.
726 3503 773 3551 11..
789 3492 876 3566 αότόχ
887 3513 944 3551 tm.
958 3498 1024 3555 RV.
1164 3506 1166 3513 '
