<?xml version="1.0" encoding="UTF-8"?>
<!DOCTYPE html PUBLIC "-//W3C//DTD XHTML 1.0 Transitional//EN"
    "http://www.w3.org/TR/xhtml1/DTD/xhtml1-transitional.dtd">
<html xmlns="http://www.w3.org/1999/xhtml" xml:lang="en" lang="en">
 <head>
  <title>
</title>
<meta http-equiv="Content-Type" content="text/html;charset=utf-8" />
  <meta name='ocr-system' content='tesseract 3.04.00' />
  <meta name='ocr-capabilities' content='ocr_page ocr_carea ocr_par ocr_line ocrx_word'/>
</head>
<body>
  <div class='ocr_page' id='page_1' title='image "./euclidisoperaom04unkngoog/euclidisoperaom04unkngoog_0203.png"; bbox 0 0 2340 3818; ppageno 0'>
   <div class='ocr_carea' id='block_1_1' title="bbox 111 140 749 214">
    <p class='ocr_par' dir='ltr' id='par_1_1' title="bbox 111 140 749 214">
     <span class='ocr_line' id='line_1_1' title="bbox 111 140 749 214; baseline -0.002 -17"><span class='ocrx_word' id='word_1_1' title='bbox 111 143 176 206; x_wconf 85' lang='lat'><strong><em>180</em></strong></span> <span class='ocrx_word' id='word_1_2' title='bbox 479 144 680 196; x_wconf 75' lang='grc' dir='ltr'>ΣΤΟΙΧΕΙΩΝ</span> <span class='ocrx_word' id='word_1_3' title='bbox 699 140 749 214; x_wconf 88' lang='grc' dir='ltr'><strong><em>ιβ’.</em></strong></span> 
     </span>
    </p>
   </div>
   <div class='ocr_carea' id='block_1_2' title="bbox 57 282 1120 3072">
    <p class='ocr_par' dir='ltr' id='par_1_2' title="bbox 109 282 1119 578">
     <span class='ocr_line' id='line_1_2' title="bbox 109 282 1119 371; baseline -0.002 -19"><span class='ocrx_word' id='word_1_4' title='bbox 109 290 249 352; x_wconf 87' lang='grc' dir='ltr'><em>ΑΒΓΗ</em></span> <span class='ocrx_word' id='word_1_5' title='bbox 270 282 335 371; x_wconf 85' lang='grc' dir='ltr'><strong><em>άρα</em></strong></span> <span class='ocrx_word' id='word_1_6' title='bbox 357 283 502 371; x_wconf 82' lang='grc' dir='ltr'><strong><em>πυραμὶς</em></strong></span> <span class='ocrx_word' id='word_1_7' title='bbox 524 282 607 368; x_wconf 86' lang='grc' dir='ltr'><strong><em>πρὸς</em></strong></span> <span class='ocrx_word' id='word_1_8' title='bbox 629 283 692 370; x_wconf 78' lang='grc' dir='ltr'><strong><em>τὴν</em></strong></span> <span class='ocrx_word' id='word_1_9' title='bbox 711 291 846 353; x_wconf 80' lang='grc' dir='ltr'><em>ΔΕΖΘ</em></span> <span class='ocrx_word' id='word_1_10' title='bbox 865 287 1039 371; x_wconf 80' lang='grc' dir='ltr'><em>πυραμίδα</em></span> <span class='ocrx_word' id='word_1_11' title='bbox 1056 308 1119 371; x_wconf 89' lang='grc' dir='ltr'><strong><em>τρι-</em></strong></span> 
     </span>
     <span class='ocr_line' id='line_1_3' title="bbox 109 388 1118 477; baseline -0.002 -20"><span class='ocrx_word' id='word_1_12' title='bbox 109 395 274 458; x_wconf 89' lang='grc' dir='ltr'><strong><em>πλασίονα</em></strong></span> <span class='ocrx_word' id='word_1_13' title='bbox 296 388 399 477; x_wconf 91' lang='grc' dir='ltr'><strong><em>λόγον</em></strong></span> <span class='ocrx_word' id='word_1_14' title='bbox 423 395 488 477; x_wconf 80' lang='grc' dir='ltr'><strong><em>ἔχει</em></strong></span> <span class='ocrx_word' id='word_1_15' title='bbox 511 389 595 476; x_wconf 76' lang='grc' dir='ltr'><strong><em>ἥπερ</em></strong></span> <span class='ocrx_word' id='word_1_16' title='bbox 617 389 638 475; x_wconf 81' lang='grc' dir='ltr'><em>ἡ</em></span> <span class='ocrx_word' id='word_1_17' title='bbox 662 396 729 457; x_wconf 91' lang='grc' dir='ltr'><strong><em>ΒΓ</em></strong></span> <span class='ocrx_word' id='word_1_18' title='bbox 747 388 830 475; x_wconf 89' lang='grc' dir='ltr'><strong><em>πρὸς</em></strong></span> <span class='ocrx_word' id='word_1_19' title='bbox 852 388 915 476; x_wconf 80' lang='grc' dir='ltr'><strong><em>τὴν</em></strong></span> <span class='ocrx_word' id='word_1_20' title='bbox 938 396 1015 457; x_wconf 83' lang='grc' dir='ltr'><strong><em>ΕΖ·</em></strong></span> <span class='ocrx_word' id='word_1_21' title='bbox 1043 389 1118 474; x_wconf 80' lang='grc' dir='ltr'><strong><em>ὅπερ</em></strong></span> 
     </span>
     <span class='ocr_line' id='line_1_4' title="bbox 109 498 313 578; baseline -0.005 -14"><span class='ocrx_word' id='word_1_22' title='bbox 109 501 176 564; x_wconf 79' lang='grc' dir='ltr'><strong><em>ἔδει</em></strong></span> <span class='ocrx_word' id='word_1_23' title='bbox 200 498 313 578; x_wconf 84' lang='grc' dir='ltr'><strong><em>δεῖξαι.</em></strong></span> 
     </span>
    </p>

    <p class='ocr_par' dir='ltr' id='par_1_3' title="bbox 521 601 713 688">
     <span class='ocr_line' id='line_1_5' title="bbox 521 601 713 688; baseline 0 -20"><span class='ocrx_word' id='word_1_24' title='bbox 521 609 558 668; x_wconf 96' lang='grc' dir='ltr'><em>Π</em></span> <span class='ocrx_word' id='word_1_25' title='bbox 561 601 713 688; x_wconf 87' lang='grc' dir='ltr'><strong><em>όρισμα.</em></strong></span> 
     </span>
    </p>

    <p class='ocr_par' dir='ltr' id='par_1_4' title="bbox 73 723 1119 1243">
     <span class='ocr_line' id='line_1_6' title="bbox 73 723 1119 813; baseline -0.005 -16"><span class='ocrx_word' id='word_1_26' title='bbox 73 749 89 798; x_wconf 76' lang='grc' dir='ltr'><strong><em>υ</em></strong></span> <span class='ocrx_word' id='word_1_27' title='bbox 174 726 228 794; x_wconf 86' lang='grc' dir='ltr'><strong><em>Ἐκ</em></strong></span> <span class='ocrx_word' id='word_1_28' title='bbox 261 726 302 813; x_wconf 78' lang='grc' dir='ltr'><strong><em>δὴ</em></strong></span> <span class='ocrx_word' id='word_1_29' title='bbox 335 725 458 793; x_wconf 84' lang='grc' dir='ltr'><strong><em>τούτου</em></strong></span> <span class='ocrx_word' id='word_1_30' title='bbox 484 724 649 811; x_wconf 79' lang='grc' dir='ltr'><strong><em>φανερόν,</em></strong></span> <span class='ocrx_word' id='word_1_31' title='bbox 682 727 733 793; x_wconf 82' lang='grc' dir='ltr'><strong><em>ὅτι</em></strong></span> <span class='ocrx_word' id='word_1_32' title='bbox 760 725 815 793; x_wconf 84' lang='grc' dir='ltr'><strong><em>καὶ</em></strong></span> <span class='ocrx_word' id='word_1_33' title='bbox 843 728 881 791; x_wconf 87' lang='grc' dir='ltr'><strong><em>αί</em></strong></span> <span class='ocrx_word' id='word_1_34' title='bbox 905 723 1119 812; x_wconf 76' lang='grc' dir='ltr'><strong><em>πολυγώνους</em></strong></span> 
     </span>
     <span class='ocr_line' id='line_1_7' title="bbox 108 828 1118 919; baseline -0.002 -18"><span class='ocrx_word' id='word_1_35' title='bbox 108 838 244 919; x_wconf 83' lang='grc' dir='ltr'><strong><em>ε”χονσαι</em></strong></span> <span class='ocrx_word' id='word_1_36' title='bbox 280 830 396 917; x_wconf 79' lang='grc' dir='ltr'><em>βάσεις</em></span> <span class='ocrx_word' id='word_1_37' title='bbox 432 831 545 917; x_wconf 81' lang='grc' dir='ltr'><strong><em>ὅμοιαι</em></strong></span> <span class='ocrx_word' id='word_1_38' title='bbox 576 836 760 919; x_wconf 77' lang='grc' dir='ltr'><strong><em>πυραμίδες</em></strong></span> <span class='ocrx_word' id='word_1_39' title='bbox 795 829 878 918; x_wconf 86' lang='grc' dir='ltr'><strong><em>πρὸς</em></strong></span> <span class='ocrx_word' id='word_1_40' title='bbox 911 828 1057 918; x_wconf 76' lang='grc' dir='ltr'><strong><em>ἀλλήλας</em></strong></span> <span class='ocrx_word' id='word_1_41' title='bbox 1086 833 1118 899; x_wconf 79' lang='grc' dir='ltr'><strong><em>ἐν</em></strong></span> 
     </span>
     <span class='ocr_line' id='line_1_8' title="bbox 108 938 1118 1029; baseline -0.002 -24"><span class='ocrx_word' id='word_1_42' title='bbox 108 943 318 1026; x_wconf 78' lang='grc' dir='ltr'><strong><em>τριπλασίονι</em></strong></span> <span class='ocrx_word' id='word_1_43' title='bbox 347 938 436 1029; x_wconf 77' lang='grc' dir='ltr'><strong><em>λόγῳ</em></strong></span> <span class='ocrx_word' id='word_1_44' title='bbox 460 939 523 1006; x_wconf 86' lang='grc' dir='ltr'><strong><em>είσὶ</em></strong></span> <span class='ocrx_word' id='word_1_45' title='bbox 546 943 614 1008; x_wconf 87' lang='grc' dir='ltr'><strong><em>τών</em></strong></span> <span class='ocrx_word' id='word_1_46' title='bbox 638 938 814 1026; x_wconf 82' lang='grc' dir='ltr'><strong><em>ὁμολόγων</em></strong></span> <span class='ocrx_word' id='word_1_47' title='bbox 836 941 1003 1026; x_wconf 76' lang='grc' dir='ltr'><strong><em>πλευρῶν.</em></strong></span> <span class='ocrx_word' id='word_1_48' title='bbox 1040 941 1118 1004; x_wconf 87' lang='grc' dir='ltr'><strong><em>διαι-</em></strong></span> 
     </span>
     <span class='ocr_line' id='line_1_9' title="bbox 109 1041 1118 1132; baseline -0.001 -21"><span class='ocrx_word' id='word_1_49' title='bbox 109 1047 274 1131; x_wconf 77' lang='grc' dir='ltr'><strong><em>ρεθεισών</em></strong></span> <span class='ocrx_word' id='word_1_50' title='bbox 306 1041 370 1132; x_wconf 82' lang='grc' dir='ltr'><strong><em>γάρ</em></strong></span> <span class='ocrx_word' id='word_1_51' title='bbox 406 1042 519 1112; x_wconf 80' lang='grc' dir='ltr'><strong><em>αὐτῶν</em></strong></span> <span class='ocrx_word' id='word_1_52' title='bbox 551 1051 597 1126; x_wconf 89' lang='grc' dir='ltr'><strong><em>είς</em></strong></span> <span class='ocrx_word' id='word_1_53' title='bbox 628 1045 688 1125; x_wconf 87' lang='grc' dir='ltr'><strong><em>τάς</em></strong></span> <span class='ocrx_word' id='word_1_54' title='bbox 719 1048 756 1114; x_wconf 85' lang='grc' dir='ltr'><strong><em>ἐν</em></strong></span> <span class='ocrx_word' id='word_1_55' title='bbox 788 1041 904 1125; x_wconf 77' lang='grc' dir='ltr'><strong><em>αὐταῖς</em></strong></span> <span class='ocrx_word' id='word_1_56' title='bbox 936 1047 1118 1131; x_wconf 89' lang='grc' dir='ltr'><strong><em>πυραμίδας</em></strong></span> 
     </span>
     <span class='ocr_line' id='line_1_10' title="bbox 108 1149 1117 1243; baseline -0.001 -26"><span class='ocrx_word' id='word_1_57' title='bbox 108 1149 294 1236; x_wconf 71' lang='grc' dir='ltr'><strong><em>τριγώνους</em></strong></span> <span class='ocrx_word' id='word_1_58' title='bbox 316 1150 430 1236; x_wconf 88' lang='grc' dir='ltr'><strong><em>βάσεις</em></strong></span> <span class='ocrx_word' id='word_1_59' title='bbox 453 1151 594 1237; x_wconf 78' lang='grc' dir='ltr'><strong><em>ἐχούσας</em></strong></span> <span class='ocrx_word' id='word_1_60' title='bbox 616 1155 661 1243; x_wconf 77' lang='grc' dir='ltr'><strong><em>τῷ</em></strong></span> <span class='ocrx_word' id='word_1_61' title='bbox 685 1152 740 1219; x_wconf 79' lang='grc' dir='ltr'><strong><em>καὶ</em></strong></span> <span class='ocrx_word' id='word_1_62' title='bbox 763 1150 803 1218; x_wconf 86' lang='grc' dir='ltr'><strong><em>τά</em></strong></span> <span class='ocrx_word' id='word_1_63' title='bbox 825 1152 925 1238; x_wconf 83' lang='grc' dir='ltr'><strong><em>ὅμοια</em></strong></span> <span class='ocrx_word' id='word_1_64' title='bbox 943 1149 1117 1236; x_wconf 84' lang='grc' dir='ltr'><strong><em>πολάγωνα</em></strong></span> 
     </span>
    </p>

    <p class='ocr_par' dir='ltr' id='par_1_5' title="bbox 58 1254 1115 1770">
     <span class='ocr_line' id='line_1_11' title="bbox 58 1254 1115 1346; baseline -0.005 -20"><span class='ocrx_word' id='word_1_65' title='bbox 58 1279 92 1326; x_wconf 88' lang='lat'><strong><em>10</em></strong></span> <span class='ocrx_word' id='word_1_66' title='bbox 110 1260 178 1323; x_wconf 89' lang='grc' dir='ltr'><strong><em>τών</em></strong></span> <span class='ocrx_word' id='word_1_67' title='bbox 206 1254 339 1341; x_wconf 85' lang='grc' dir='ltr'><strong><em>βάσεων</em></strong></span> <span class='ocrx_word' id='word_1_68' title='bbox 367 1261 414 1335; x_wconf 88' lang='grc' dir='ltr'><strong><em>είς</em></strong></span> <span class='ocrx_word' id='word_1_69' title='bbox 441 1256 540 1343; x_wconf 81' lang='grc' dir='ltr'><strong><em>ὅμοια</em></strong></span> <span class='ocrx_word' id='word_1_70' title='bbox 572 1262 719 1346; x_wconf 85' lang='grc' dir='ltr'><strong><em>τρίγωνα</em></strong></span> <span class='ocrx_word' id='word_1_71' title='bbox 747 1261 953 1344; x_wconf 83' lang='grc' dir='ltr'><strong><em>διαιρεῖσθαι</em></strong></span> <span class='ocrx_word' id='word_1_72' title='bbox 985 1256 1041 1323; x_wconf 81' lang='grc' dir='ltr'><strong><em>καὶ</em></strong></span> <span class='ocrx_word' id='word_1_73' title='bbox 1068 1263 1115 1322; x_wconf 84' lang='grc' dir='ltr'><strong><em>λ’σα</em></strong></span> 
     </span>
     <span class='ocr_line' id='line_1_12' title="bbox 108 1361 1113 1452; baseline 0.003 -25"><span class='ocrx_word' id='word_1_74' title='bbox 108 1365 153 1452; x_wconf 76' lang='grc' dir='ltr'><strong><em>τῷ</em></strong></span> <span class='ocrx_word' id='word_1_75' title='bbox 177 1361 300 1447; x_wconf 79' lang='grc' dir='ltr'><strong><em>πλήθει</em></strong></span> <span class='ocrx_word' id='word_1_76' title='bbox 323 1364 378 1430; x_wconf 83' lang='grc' dir='ltr'><strong><em>καὶ</em></strong></span> <span class='ocrx_word' id='word_1_77' title='bbox 402 1363 548 1450; x_wconf 79' lang='grc' dir='ltr'><strong><em>ὁμόλογα</em></strong></span> <span class='ocrx_word' id='word_1_78' title='bbox 567 1378 637 1443; x_wconf 81' lang='grc' dir='ltr'><strong><em>τοῖς</em></strong></span> <span class='ocrx_word' id='word_1_79' title='bbox 661 1365 752 1443; x_wconf 84' lang='grc' dir='ltr'><strong><em>ὅλοις</em></strong></span> <span class='ocrx_word' id='word_1_80' title='bbox 776 1369 866 1432; x_wconf 82' lang='grc' dir='ltr'><strong><em>ἔσται</em></strong></span> <span class='ocrx_word' id='word_1_81' title='bbox 886 1363 932 1442; x_wconf 86' lang='grc' dir='ltr'><strong><em>ώς</em></strong></span> <span class='ocrx_word' id='word_1_82' title='bbox 954 1362 1005 1450; x_wconf 82' lang='grc' dir='ltr'><strong><em>[ἡ]</em></strong></span> <span class='ocrx_word' id='word_1_83' title='bbox 1025 1364 1114 1448; x_wconf 75' lang='grc' dir='ltr'><strong><em>ἐντῇ</em></strong></span> 
     </span>
     <span class='ocr_line' id='line_1_13' title="bbox 108 1467 1113 1557; baseline 0 -24"><span class='ocrx_word' id='word_1_84' title='bbox 108 1467 204 1557; x_wconf 79' lang='grc' dir='ltr'><strong><em>ἑτέρᾳ</em></strong></span> <span class='ocrx_word' id='word_1_85' title='bbox 230 1473 290 1555; x_wconf 90' lang='grc' dir='ltr'><strong><em>μία</em></strong></span> <span class='ocrx_word' id='word_1_86' title='bbox 317 1470 462 1557; x_wconf 81' lang='grc' dir='ltr'><strong><em>πυραμὶς</em></strong></span> <span class='ocrx_word' id='word_1_87' title='bbox 489 1476 655 1555; x_wconf 84' lang='grc' dir='ltr'><strong><em>τρίγωνον</em></strong></span> <span class='ocrx_word' id='word_1_88' title='bbox 683 1474 805 1557; x_wconf 78' lang='grc' dir='ltr'><strong><em>ἔχουσα</em></strong></span> <span class='ocrx_word' id='word_1_89' title='bbox 832 1471 932 1557; x_wconf 80' lang='grc' dir='ltr'><strong><em>βάσιν</em></strong></span> <span class='ocrx_word' id='word_1_90' title='bbox 954 1468 1040 1557; x_wconf 83' lang='grc' dir='ltr'><strong><em>πρὸς</em></strong></span> <span class='ocrx_word' id='word_1_91' title='bbox 1060 1467 1113 1553; x_wconf 77' lang='grc' dir='ltr'><strong><em>τὴν</em></strong></span> 
     </span>
     <span class='ocr_line' id='line_1_14' title="bbox 110 1574 1112 1664; baseline 0.001 -25"><span class='ocrx_word' id='word_1_92' title='bbox 110 1574 146 1640; x_wconf 82' lang='grc' dir='ltr'><strong><em>ἐν</em></strong></span> <span class='ocrx_word' id='word_1_93' title='bbox 169 1576 209 1662; x_wconf 79' lang='grc' dir='ltr'><strong><em>τῇ</em></strong></span> <span class='ocrx_word' id='word_1_94' title='bbox 240 1575 334 1664; x_wconf 77' lang='grc' dir='ltr'><strong><em>ἑτέρᾳ</em></strong></span> <span class='ocrx_word' id='word_1_95' title='bbox 356 1581 438 1661; x_wconf 90' lang='grc' dir='ltr'><strong><em>μίαν</em></strong></span> <span class='ocrx_word' id='word_1_96' title='bbox 460 1579 631 1663; x_wconf 89' lang='grc' dir='ltr'><strong><em>πυραμίδα</em></strong></span> <span class='ocrx_word' id='word_1_97' title='bbox 653 1581 820 1662; x_wconf 85' lang='grc' dir='ltr'><strong><em>τρίγωνον</em></strong></span> <span class='ocrx_word' id='word_1_98' title='bbox 843 1579 989 1663; x_wconf 83' lang='grc' dir='ltr'><strong><em>ἔχουσαν</em></strong></span> <span class='ocrx_word' id='word_1_99' title='bbox 1011 1574 1112 1660; x_wconf 87' lang='grc' dir='ltr'><strong><em>βάσιν,</em></strong></span> 
     </span>
     <span class='ocr_line' id='line_1_15' title="bbox 110 1681 1114 1770; baseline 0 -23"><span class='ocrx_word' id='word_1_100' title='bbox 110 1681 216 1761; x_wconf 77' lang='grc' dir='ltr'><strong><em>οὕτως</em></strong></span> <span class='ocrx_word' id='word_1_101' title='bbox 238 1681 293 1748; x_wconf 77' lang='grc' dir='ltr'><strong><em>καὶ</em></strong></span> <span class='ocrx_word' id='word_1_102' title='bbox 317 1681 442 1748; x_wconf 87' lang='grc' dir='ltr'><strong><em>άπασαι</em></strong></span> <span class='ocrx_word' id='word_1_103' title='bbox 466 1683 504 1747; x_wconf 89' lang='grc' dir='ltr'><strong><em>αί</em></strong></span> <span class='ocrx_word' id='word_1_104' title='bbox 524 1683 561 1748; x_wconf 80' lang='grc' dir='ltr'><strong><em>ἐν</em></strong></span> <span class='ocrx_word' id='word_1_105' title='bbox 584 1684 623 1769; x_wconf 76' lang='grc' dir='ltr'><strong><em>τῇ</em></strong></span> <span class='ocrx_word' id='word_1_106' title='bbox 643 1681 739 1770; x_wconf 78' lang='grc' dir='ltr'><strong><em>ἑτέρᾳ</em></strong></span> <span class='ocrx_word' id='word_1_107' title='bbox 757 1686 920 1768; x_wconf 77' lang='grc' dir='ltr'><strong><em>πυραμίδι</em></strong></span> <span class='ocrx_word' id='word_1_108' title='bbox 938 1684 1114 1769; x_wconf 85' lang='grc' dir='ltr'><strong><em>πυραμίδες</em></strong></span> 
     </span>
    </p>

    <p class='ocr_par' dir='ltr' id='par_1_6' title="bbox 57 1784 1117 2298">
     <span class='ocr_line' id='line_1_16' title="bbox 57 1784 1114 1877; baseline -0.002 -22"><span class='ocrx_word' id='word_1_109' title='bbox 57 1806 90 1855; x_wconf 83' lang='lat'><strong><em>15</em></strong></span> <span class='ocrx_word' id='word_1_110' title='bbox 109 1789 293 1873; x_wconf 75' lang='grc' dir='ltr'><strong><em>τριγώνους</em></strong></span> <span class='ocrx_word' id='word_1_111' title='bbox 315 1793 449 1873; x_wconf 82' lang='grc' dir='ltr'><strong><em>ἔχουσαι</em></strong></span> <span class='ocrx_word' id='word_1_112' title='bbox 473 1785 587 1872; x_wconf 83' lang='grc' dir='ltr'><strong><em>βάσεις</em></strong></span> <span class='ocrx_word' id='word_1_113' title='bbox 609 1784 692 1872; x_wconf 84' lang='grc' dir='ltr'><strong><em>πρὸς</em></strong></span> <span class='ocrx_word' id='word_1_114' title='bbox 713 1785 773 1866; x_wconf 83' lang='grc' dir='ltr'><strong><em>τάς</em></strong></span> <span class='ocrx_word' id='word_1_115' title='bbox 792 1789 828 1854; x_wconf 82' lang='grc' dir='ltr'><strong><em>ἐν</em></strong></span> <span class='ocrx_word' id='word_1_116' title='bbox 846 1791 886 1875; x_wconf 74' lang='grc' dir='ltr'><strong><em>τῇ</em></strong></span> <span class='ocrx_word' id='word_1_117' title='bbox 906 1787 1003 1877; x_wconf 77' lang='grc' dir='ltr'><strong><em>ἑτέρᾳ</em></strong></span> <span class='ocrx_word' id='word_1_118' title='bbox 1020 1810 1114 1874; x_wconf 86' lang='grc' dir='ltr'><strong><em>πυρα·</em></strong></span> 
     </span>
     <span class='ocr_line' id='line_1_17' title="bbox 110 1890 1116 1981; baseline -0.002 -21"><span class='ocrx_word' id='word_1_119' title='bbox 110 1897 181 1977; x_wconf 87' lang='grc' dir='ltr'><strong><em>μίδι</em></strong></span> <span class='ocrx_word' id='word_1_120' title='bbox 205 1897 393 1981; x_wconf 82' lang='grc' dir='ltr'><strong><em>πυραμίδας</em></strong></span> <span class='ocrx_word' id='word_1_121' title='bbox 419 1891 605 1979; x_wconf 86' lang='grc' dir='ltr'><strong><em>τριγώνους</em></strong></span> <span class='ocrx_word' id='word_1_122' title='bbox 630 1890 746 1976; x_wconf 85' lang='grc' dir='ltr'><strong><em>βάσεις</em></strong></span> <span class='ocrx_word' id='word_1_123' title='bbox 769 1891 924 1979; x_wconf 83' lang='grc' dir='ltr'><strong><em>ἐχούσας,</em></strong></span> <span class='ocrx_word' id='word_1_124' title='bbox 952 1894 1116 1961; x_wconf 77' lang='grc' dir='ltr'><strong><em>τουτέστιν</em></strong></span> 
     </span>
     <span class='ocr_line' id='line_1_18' title="bbox 111 1997 1116 2087; baseline -0.001 -22"><span class='ocrx_word' id='word_1_125' title='bbox 111 1997 193 2085; x_wconf 82' lang='grc' dir='ltr'><strong><em>αὐτὴ</em></strong></span> <span class='ocrx_word' id='word_1_126' title='bbox 221 2000 242 2086; x_wconf 82' lang='grc' dir='ltr'><em>ἡ</em></span> <span class='ocrx_word' id='word_1_127' title='bbox 271 1999 470 2086; x_wconf 81' lang='grc' dir='ltr'><strong><em>πολύγωνον</em></strong></span> <span class='ocrx_word' id='word_1_128' title='bbox 498 1998 598 2085; x_wconf 91' lang='grc' dir='ltr'><strong><em>βάσιν</em></strong></span> <span class='ocrx_word' id='word_1_129' title='bbox 631 2004 753 2086; x_wconf 79' lang='grc' dir='ltr'><strong><em>ἔχουσα</em></strong></span> <span class='ocrx_word' id='word_1_130' title='bbox 780 2001 924 2085; x_wconf 79' lang='grc' dir='ltr'><strong><em>πυραμὶς</em></strong></span> <span class='ocrx_word' id='word_1_131' title='bbox 950 1999 1036 2087; x_wconf 87' lang='grc' dir='ltr'><strong><em>πρὸς</em></strong></span> <span class='ocrx_word' id='word_1_132' title='bbox 1061 1997 1116 2085; x_wconf 78' lang='grc' dir='ltr'><strong><em>τὴν</em></strong></span> 
     </span>
     <span class='ocr_line' id='line_1_19' title="bbox 109 2104 1115 2193; baseline -0.001 -22"><span class='ocrx_word' id='word_1_133' title='bbox 109 2105 310 2191; x_wconf 83' lang='grc' dir='ltr'><strong><em>πολύγωνον</em></strong></span> <span class='ocrx_word' id='word_1_134' title='bbox 333 2105 434 2191; x_wconf 91' lang='grc' dir='ltr'><strong><em>βάσιν</em></strong></span> <span class='ocrx_word' id='word_1_135' title='bbox 458 2110 601 2192; x_wconf 77' lang='grc' dir='ltr'><strong><em>ἔχουσαν</em></strong></span> <span class='ocrx_word' id='word_1_136' title='bbox 624 2109 804 2192; x_wconf 88' lang='grc' dir='ltr'><strong><em>πυραμίδα.</em></strong></span> <span class='ocrx_word' id='word_1_137' title='bbox 850 2104 871 2191; x_wconf 80' lang='grc' dir='ltr'><em>ἡ</em></span> <span class='ocrx_word' id='word_1_138' title='bbox 896 2105 933 2172; x_wconf 72' lang='grc' dir='ltr'><strong><em>δὲ</em></strong></span> <span class='ocrx_word' id='word_1_139' title='bbox 956 2111 1115 2193; x_wconf 85' lang='grc' dir='ltr'><strong><em>τρίγωνον</em></strong></span> 
     </span>
     <span class='ocr_line' id='line_1_20' title="bbox 111 2208 1117 2298; baseline 0 -21"><span class='ocrx_word' id='word_1_140' title='bbox 111 2210 211 2296; x_wconf 90' lang='grc' dir='ltr'><strong><em>βάσιν</em></strong></span> <span class='ocrx_word' id='word_1_141' title='bbox 226 2216 347 2296; x_wconf 82' lang='grc' dir='ltr'><strong><em>ἔχουσα</em></strong></span> <span class='ocrx_word' id='word_1_142' title='bbox 361 2211 505 2297; x_wconf 79' lang='grc' dir='ltr'><strong><em>πυραμὶς</em></strong></span> <span class='ocrx_word' id='word_1_143' title='bbox 519 2208 602 2297; x_wconf 91' lang='grc' dir='ltr'><strong><em>πρὸς</em></strong></span> <span class='ocrx_word' id='word_1_144' title='bbox 614 2208 677 2296; x_wconf 80' lang='grc' dir='ltr'><strong><em>τὴν</em></strong></span> <span class='ocrx_word' id='word_1_145' title='bbox 691 2216 858 2297; x_wconf 81' lang='grc' dir='ltr'><strong><em>τρίγωνον</em></strong></span> <span class='ocrx_word' id='word_1_146' title='bbox 869 2211 969 2298; x_wconf 87' lang='grc' dir='ltr'><strong><em>βάσιν</em></strong></span> <span class='ocrx_word' id='word_1_147' title='bbox 980 2215 1117 2298; x_wconf 82' lang='grc' dir='ltr'><strong><em>ἔχουσαν</em></strong></span> 
     </span>
    </p>

    <p class='ocr_par' dir='ltr' id='par_1_7' title="bbox 83 2315 1119 2719">
     <span class='ocr_line' id='line_1_21' title="bbox 83 2315 1118 2405; baseline -0.004 -19"><span class='ocrx_word' id='word_1_148' title='bbox 83 2341 94 2386; x_wconf 86' lang='grc' dir='ltr'><strong><em>ι</em></strong></span> <span class='ocrx_word' id='word_1_149' title='bbox 111 2318 148 2383; x_wconf 82' lang='grc' dir='ltr'><strong><em>ἐν</em></strong></span> <span class='ocrx_word' id='word_1_150' title='bbox 170 2321 378 2402; x_wconf 86' lang='grc' dir='ltr'><strong><em>τριπλασίονι</em></strong></span> <span class='ocrx_word' id='word_1_151' title='bbox 403 2316 492 2405; x_wconf 81' lang='grc' dir='ltr'><strong><em>λόγῳ</em></strong></span> <span class='ocrx_word' id='word_1_152' title='bbox 512 2316 579 2382; x_wconf 78' lang='grc' dir='ltr'><strong><em>ἐστὶ</em></strong></span> <span class='ocrx_word' id='word_1_153' title='bbox 598 2326 666 2383; x_wconf 83' lang='grc' dir='ltr'><strong><em>τών</em></strong></span> <span class='ocrx_word' id='word_1_154' title='bbox 685 2315 859 2402; x_wconf 82' lang='grc' dir='ltr'><strong><em>ὁμολόγων</em></strong></span> <span class='ocrx_word' id='word_1_155' title='bbox 877 2323 1046 2402; x_wconf 80' lang='grc' dir='ltr'><strong><em>πλευρῶν·</em></strong></span> <span class='ocrx_word' id='word_1_156' title='bbox 1069 2315 1118 2383; x_wconf 81' lang='grc' dir='ltr'><strong><em>καὶ</em></strong></span> 
     </span>
     <span class='ocr_line' id='line_1_22' title="bbox 109 2418 1119 2509; baseline 0.001 -21"><span class='ocrx_word' id='word_1_157' title='bbox 109 2420 130 2507; x_wconf 79' lang='grc' dir='ltr'><em>ἡ</em></span> <span class='ocrx_word' id='word_1_158' title='bbox 151 2421 351 2506; x_wconf 82' lang='grc' dir='ltr'><strong><em>πολύγωνον</em></strong></span> <span class='ocrx_word' id='word_1_159' title='bbox 370 2421 434 2505; x_wconf 85' lang='grc' dir='ltr'><strong><em>άρα</em></strong></span> <span class='ocrx_word' id='word_1_160' title='bbox 453 2419 553 2505; x_wconf 91' lang='grc' dir='ltr'><strong><em>βάσιν</em></strong></span> <span class='ocrx_word' id='word_1_161' title='bbox 572 2426 695 2508; x_wconf 83' lang='grc' dir='ltr'><strong><em>ἔχουσα</em></strong></span> <span class='ocrx_word' id='word_1_162' title='bbox 708 2420 791 2509; x_wconf 91' lang='grc' dir='ltr'><strong><em>πρὸς</em></strong></span> <span class='ocrx_word' id='word_1_163' title='bbox 804 2418 866 2508; x_wconf 80' lang='grc' dir='ltr'><strong><em>τὴν</em></strong></span> <span class='ocrx_word' id='word_1_164' title='bbox 881 2419 1004 2508; x_wconf 88' lang='grc' dir='ltr'><strong><em>ὁμοίαν</em></strong></span> <span class='ocrx_word' id='word_1_165' title='bbox 1023 2421 1119 2508; x_wconf 84' lang='grc' dir='ltr'><strong><em>βάσιν</em></strong></span> 
     </span>
     <span class='ocr_line' id='line_1_23' title="bbox 110 2524 1119 2615; baseline 0.005 -23"><span class='ocrx_word' id='word_1_166' title='bbox 110 2532 254 2612; x_wconf 84' lang='grc' dir='ltr'><strong><em>ἔχουσαν</em></strong></span> <span class='ocrx_word' id='word_1_167' title='bbox 280 2530 500 2612; x_wconf 91' lang='grc' dir='ltr'><strong><em>τριπλασίονα</em></strong></span> <span class='ocrx_word' id='word_1_168' title='bbox 523 2526 625 2613; x_wconf 91' lang='grc' dir='ltr'><strong><em>λόγον</em></strong></span> <span class='ocrx_word' id='word_1_169' title='bbox 648 2532 715 2614; x_wconf 83' lang='grc' dir='ltr'><strong><em>ἔχει</em></strong></span> <span class='ocrx_word' id='word_1_170' title='bbox 737 2525 821 2614; x_wconf 79' lang='grc' dir='ltr'><strong><em>ἥπερ</em></strong></span> <span class='ocrx_word' id='word_1_171' title='bbox 844 2524 864 2613; x_wconf 76' lang='grc' dir='ltr'><em>ἡ</em></span> <span class='ocrx_word' id='word_1_172' title='bbox 888 2527 1016 2613; x_wconf 84' lang='grc' dir='ltr'><strong><em>πλευρά</em></strong></span> <span class='ocrx_word' id='word_1_173' title='bbox 1042 2526 1119 2615; x_wconf 88' lang='grc' dir='ltr'><strong><em>πρὸς</em></strong></span> 
     </span>
     <span class='ocr_line' id='line_1_24' title="bbox 109 2630 350 2719; baseline 0.008 -22"><span class='ocrx_word' id='word_1_174' title='bbox 109 2634 171 2718; x_wconf 83' lang='grc' dir='ltr'><strong><em>τὴν</em></strong></span> <span class='ocrx_word' id='word_1_175' title='bbox 194 2630 350 2719; x_wconf 89' lang='grc' dir='ltr'><strong><em>πλευράν.</em></strong></span> 
     </span>
    </p>

    <p class='ocr_par' dir='ltr' id='par_1_8' title="bbox 593 2754 642 2822">
     <span class='ocr_line' id='line_1_25' title="bbox 593 2754 642 2822; baseline -0.02 0"><span class='ocrx_word' id='word_1_176' title='bbox 593 2754 642 2822; x_wconf 73' lang='grc' dir='ltr'><strong><em>θ’.</em></strong></span> 
     </span>
    </p>

    <p class='ocr_par' dir='ltr' id='par_1_9' title="bbox 58 2877 1120 2968">
     <span class='ocr_line' id='line_1_26' title="bbox 58 2877 1120 2968; baseline -0.001 -19"><span class='ocrx_word' id='word_1_177' title='bbox 58 2899 91 2949; x_wconf 77' lang='lat'><strong><em>25</em></strong></span> <span class='ocrx_word' id='word_1_178' title='bbox 182 2882 265 2946; x_wconf 87' lang='grc' dir='ltr'><strong><em>Τών</em></strong></span> <span class='ocrx_word' id='word_1_179' title='bbox 289 2887 388 2947; x_wconf 82' lang='grc' dir='ltr'><strong><em>ίσων</em></strong></span> <span class='ocrx_word' id='word_1_180' title='bbox 407 2882 641 2968; x_wconf 84' lang='grc' dir='ltr'><strong><em>πυραμίδων</em></strong></span> <span class='ocrx_word' id='word_1_181' title='bbox 659 2878 723 2945; x_wconf 82' lang='grc' dir='ltr'><strong><em>καὶ</em></strong></span> <span class='ocrx_word' id='word_1_182' title='bbox 741 2877 963 2964; x_wconf 90' lang='grc' dir='ltr'><strong><em>τριγώνους</em></strong></span> <span class='ocrx_word' id='word_1_183' title='bbox 986 2878 1120 2964; x_wconf 87' lang='grc' dir='ltr'><strong><em>βάσεις</em></strong></span> 
     </span>
    </p>

    <p class='ocr_par' dir='ltr' id='par_1_10' title="bbox 111 2983 1120 3072">
     <span class='ocr_line' id='line_1_27' title="bbox 111 2983 1120 3072; baseline 0.001 -19"><span class='ocrx_word' id='word_1_184' title='bbox 111 2987 289 3072; x_wconf 82' lang='grc' dir='ltr'><strong><em>ἐχουσών</em></strong></span> <span class='ocrx_word' id='word_1_185' title='bbox 304 2983 648 3053; x_wconf 78' lang='grc' dir='ltr'><strong><em>ἀντιπεπόνθασιν</em></strong></span> <span class='ocrx_word' id='word_1_186' title='bbox 663 2987 705 3051; x_wconf 88' lang='grc' dir='ltr'><strong><em>αί</em></strong></span> <span class='ocrx_word' id='word_1_187' title='bbox 716 2983 851 3070; x_wconf 88' lang='grc' dir='ltr'><strong><em>βάσεις</em></strong></span> <span class='ocrx_word' id='word_1_188' title='bbox 864 2998 947 3065; x_wconf 81' lang='grc' dir='ltr'><strong><em>τοῖς</em></strong></span> <span class='ocrx_word' id='word_1_189' title='bbox 961 2985 1120 3067; x_wconf 78' lang='grc' dir='ltr'><strong><em>ὕψεσιν·</em></strong></span> 
     </span>
    </p>
   </div>
   <div class='ocr_carea' id='block_1_3' title="bbox 111 3174 1120 3535">
    <p class='ocr_par' dir='ltr' id='par_1_11' title="bbox 111 3174 1120 3535">
     <span class='ocr_line' id='line_1_28' title="bbox 182 3174 1015 3250; baseline 0.001 -17"><span class='ocrx_word' id='word_1_190' title='bbox 182 3186 206 3234; x_wconf 82' lang='grc'><strong><em>2.</em></strong></span> <span class='ocrx_word' id='word_1_191' title='bbox 227 3174 310 3250; x_wconf 80' lang='grc' dir='ltr'><strong><em>ὅπερ]</em></strong></span> <span class='ocrx_word' id='word_1_192' title='bbox 330 3179 441 3248; x_wconf 72' lang='lat' dir='ltr'>punctis</span> <span class='ocrx_word' id='word_1_193' title='bbox 462 3178 516 3233; x_wconf 86' lang='lat' dir='ltr'><strong>del.</strong></span> <span class='ocrx_word' id='word_1_194' title='bbox 536 3180 568 3233; x_wconf 93' lang='lat' dir='ltr'><strong><em>V.</em></strong></span> <span class='ocrx_word' id='word_1_195' title='bbox 659 3185 683 3234; x_wconf 84' lang='lat'><strong><em>3.</em></strong></span> <span class='ocrx_word' id='word_1_196' title='bbox 705 3176 764 3233; x_wconf 77' lang='grc' dir='ltr'><strong><em>ἔδει</em></strong></span> <span class='ocrx_word' id='word_1_197' title='bbox 783 3179 887 3250; x_wconf 77' lang='grc' dir='ltr'><strong><em>δεῖξαι]</em></strong></span> <span class='ocrx_word' id='word_1_198' title='bbox 907 3195 961 3234; x_wconf 89' lang='lat' dir='ltr'><strong><em>om.</em></strong></span> <span class='ocrx_word' id='word_1_199' title='bbox 981 3179 1015 3234; x_wconf 90' lang='lat' dir='ltr'><strong><em>V.</em></strong></span> 
     </span>
     <span class='ocr_line' id='line_1_29' title="bbox 111 3246 1047 3321; baseline 0.003 -18"><span class='ocrx_word' id='word_1_200' title='bbox 111 3257 136 3305; x_wconf 86' lang='lat'><strong><em>4.</em></strong></span> <span class='ocrx_word' id='word_1_201' title='bbox 156 3248 291 3321; x_wconf 89' lang='grc' dir='ltr'><strong><em>πόρισμα]</em></strong></span> <span class='ocrx_word' id='word_1_202' title='bbox 312 3268 365 3306; x_wconf 87' lang='lat' dir='ltr'><strong><em>om.</em></strong></span> <span class='ocrx_word' id='word_1_203' title='bbox 385 3268 412 3319; x_wconf 85' lang='lat' dir='ltr'><strong><em>q.</em></strong></span> <span class='ocrx_word' id='word_1_204' title='bbox 492 3246 555 3316; x_wconf 88' lang='grc' dir='ltr'><strong><em>πόρ.</em></strong></span> <span class='ocrx_word' id='word_1_205' title='bbox 575 3282 606 3289; x_wconf 95' lang='grc'><strong>-</strong></span> <span class='ocrx_word' id='word_1_206' title='bbox 628 3255 671 3304; x_wconf 82' lang='lat'><strong><em>23.</em></strong></span> <span class='ocrx_word' id='word_1_207' title='bbox 690 3249 828 3320; x_wconf 84' lang='grc' dir='ltr'><strong><em>πλευράν]</em></strong></span> <span class='ocrx_word' id='word_1_208' title='bbox 849 3267 904 3319; x_wconf 83' lang='lat' dir='ltr'><strong><em>mg.</em></strong></span> <span class='ocrx_word' id='word_1_209' title='bbox 923 3268 960 3305; x_wconf 89' lang='lat' dir='ltr'><strong><em>m.</em></strong></span> <span class='ocrx_word' id='word_1_210' title='bbox 982 3256 996 3304; x_wconf 94' lang='lat'>1</span> <span class='ocrx_word' id='word_1_211' title='bbox 1015 3252 1047 3307; x_wconf 92' lang='lat' dir='ltr'><strong><em>P.</em></strong></span> 
     </span>
     <span class='ocr_line' id='line_1_30' title="bbox 111 3316 1120 3393; baseline 0.001 -18"><span class='ocrx_word' id='word_1_212' title='bbox 111 3326 134 3375; x_wconf 83' lang='lat'><strong><em>5.</em></strong></span> <span class='ocrx_word' id='word_1_213' title='bbox 157 3318 199 3393; x_wconf 75' lang='grc' dir='ltr'><strong><em>αἱ]</em></strong></span> <span class='ocrx_word' id='word_1_214' title='bbox 219 3338 273 3376; x_wconf 90' lang='lat' dir='ltr'><strong><em>om.</em></strong></span> <span class='ocrx_word' id='word_1_215' title='bbox 293 3341 319 3391; x_wconf 90' lang='lat' dir='ltr'><strong><em>q.</em></strong></span> <span class='ocrx_word' id='word_1_216' title='bbox 399 3327 423 3376; x_wconf 80' lang='lat'><strong><em>7.</em></strong></span> <span class='ocrx_word' id='word_1_217' title='bbox 444 3319 515 3375; x_wconf 86' lang='grc' dir='ltr'><strong><em>είσίν</em></strong></span> <span class='ocrx_word' id='word_1_218' title='bbox 533 3322 590 3376; x_wconf 92' lang='lat' dir='ltr'><strong><em>PB.</em></strong></span> <span class='ocrx_word' id='word_1_219' title='bbox 673 3326 697 3375; x_wconf 90' lang='lat'><strong><em>8.</em></strong></span> <span class='ocrx_word' id='word_1_220' title='bbox 718 3316 761 3390; x_wconf 79' lang='grc' dir='ltr'><strong><em>ἐν]</em></strong></span> <span class='ocrx_word' id='word_1_221' title='bbox 782 3337 836 3376; x_wconf 90' lang='lat' dir='ltr'><strong><em>om.</em></strong></span> <span class='ocrx_word' id='word_1_222' title='bbox 855 3320 888 3374; x_wconf 92' lang='lat' dir='ltr'><strong><em>V.</em></strong></span> <span class='ocrx_word' id='word_1_223' title='bbox 979 3316 1071 3385; x_wconf 77' lang='grc' dir='ltr'><strong><em>αότάς</em></strong></span> <span class='ocrx_word' id='word_1_224' title='bbox 1089 3322 1120 3389; x_wconf 88' lang='lat' dir='ltr'><strong><em>V,</em></strong></span> 
     </span>
     <span class='ocr_line' id='line_1_31' title="bbox 111 3387 1014 3463; baseline 0 -17"><span class='ocrx_word' id='word_1_225' title='bbox 111 3387 209 3454; x_wconf 75' lang='grc' dir='ltr'><strong><em>αὐτοῖς</em></strong></span> <span class='ocrx_word' id='word_1_226' title='bbox 227 3410 253 3460; x_wconf 83' lang='lat' dir='ltr'><strong><em>q.</em></strong></span> <span class='ocrx_word' id='word_1_227' title='bbox 372 3399 415 3447; x_wconf 91' lang='lat'><strong><em>10.</em></strong></span> <span class='ocrx_word' id='word_1_228' title='bbox 433 3393 498 3463; x_wconf 79' lang='grc' dir='ltr'><strong><em>καί]</em></strong></span> <span class='ocrx_word' id='word_1_229' title='bbox 519 3393 568 3445; x_wconf 78' lang='grc' dir='ltr'><strong><em>καὶ</em></strong></span> <span class='ocrx_word' id='word_1_230' title='bbox 586 3388 627 3453; x_wconf 81' lang='grc' dir='ltr'><strong><em>εἰς</em></strong></span> <span class='ocrx_word' id='word_1_231' title='bbox 645 3390 679 3446; x_wconf 89' lang='lat' dir='ltr'><strong><em>V.</em></strong></span> <span class='ocrx_word' id='word_1_232' title='bbox 798 3398 840 3447; x_wconf 91' lang='lat'><strong><em>11.</em></strong></span> <span class='ocrx_word' id='word_1_233' title='bbox 859 3389 890 3463; x_wconf 82' lang='grc' dir='ltr'><strong><em>ἡ]</em></strong></span> <span class='ocrx_word' id='word_1_234' title='bbox 910 3407 963 3446; x_wconf 88' lang='lat' dir='ltr'><strong><em>om.</em></strong></span> <span class='ocrx_word' id='word_1_235' title='bbox 983 3391 1014 3446; x_wconf 90' lang='lat' dir='ltr'><strong><em>P.</em></strong></span> 
     </span>
     <span class='ocr_line' id='line_1_32' title="bbox 112 3459 1120 3535; baseline 0.001 -19"><span class='ocrx_word' id='word_1_236' title='bbox 112 3469 153 3516; x_wconf 74' lang='lat'><strong><em>12.</em></strong></span> <span class='ocrx_word' id='word_1_237' title='bbox 173 3459 324 3533; x_wconf 90' lang='grc' dir='ltr'><strong><em>τριγώνους</em></strong></span> <span class='ocrx_word' id='word_1_238' title='bbox 343 3464 372 3517; x_wconf 77' lang='lat' dir='ltr'><strong><em>et</em></strong></span> <span class='ocrx_word' id='word_1_239' title='bbox 391 3459 487 3535; x_wconf 85' lang='grc' dir='ltr'><strong><em>βάσεις</em></strong></span> <span class='ocrx_word' id='word_1_240' title='bbox 508 3462 538 3530; x_wconf 91' lang='lat' dir='ltr'><strong><em>V,</em></strong></span> <span class='ocrx_word' id='word_1_241' title='bbox 557 3478 625 3517; x_wconf 85' lang='lat' dir='ltr'><strong>corr.</strong></span> <span class='ocrx_word' id='word_1_242' title='bbox 646 3480 683 3517; x_wconf 91' lang='lat' dir='ltr'><strong><em>m.</em></strong></span> <span class='ocrx_word' id='word_1_243' title='bbox 703 3468 726 3515; x_wconf 93' lang='lat'><strong><em>1.</em></strong></span> <span class='ocrx_word' id='word_1_244' title='bbox 815 3469 856 3519; x_wconf 84' lang='grc'><strong><em>13.</em></strong></span> <span class='ocrx_word' id='word_1_245' title='bbox 876 3463 944 3533; x_wconf 87' lang='grc' dir='ltr'><strong><em>μίαν</em></strong></span> <span class='ocrx_word' id='word_1_246' title='bbox 961 3461 1120 3533; x_wconf 84' lang='grc' dir='ltr'><strong><em>πυραμίδα]</em></strong></span> 
     </span>
    </p>
   </div>
   <div class='ocr_carea' id='block_1_4' title="bbox 0 0 1175 3818">
    <p class='ocr_par' dir='ltr' id='par_1_12' title="bbox 0 0 1175 3818">
     <span class='ocr_line' id='line_1_33' title="bbox 0 0 1175 3818; baseline 0 0"><span class='ocrx_word' id='word_1_247' title='bbox 0 0 1175 3818; x_wconf 95' lang='lat' dir='ltr'><strong><em> </em></strong></span> 
     </span>
    </p>
   </div>
  </div>
 </body>
</html>
