2340 3818
99 132 143 196 33
472 131 673 185 Στοττυταω
691 127 743 187 ια’.

101 273 163 342 δύο
187 272 317 341 εὐθεῖαι
339 270 423 362 πρὸς
446 269 554 361 ὀρθὰς
576 270 870 360 ἀνασταθήσονται
893 272 946 340 ἐπὶ
968 271 1009 340 τὰ
1029 270 1117 341 αὐτὰ

99 380 199 469 μέρη·
224 378 304 470 ὅπερ
328 385 395 450 ἔδει
419 381 532 461 δεῖξαι.

580 559 637 626 ιδ’.

169 684 271 770 Πρὸς
298 678 319 748 ἃ
343 683 506 750 ἐπίπεδα
528 679 549 768 ή
575 678 672 768 αὐτή
696 679 839 750 εὐθεῖα
863 677 968 768 ὀρθή
993 681 1118 763 ἐστιν,

67 807 82 856 5
101 786 331 876 παράλληλα
355 792 469 854 ἔσται
491 785 536 855 τὰ
561 789 738 856 ἐπίπεδα.

167 892 299 962 Εὐθεῖα
325 894 391 982 γάρ
418 919 468 974 τις
495 891 515 981 ή
544 901 609 962 ΑΒ
639 892 721 981 πρὸς
749 893 907 982 ἑκάτερον
934 896 1002 960 τῶν
1031 897 1118 978 ΓΔ,

101 1008 164 1068 ΕΖ
189 1001 353 1067 ἐπιπέδων
376 998 460 1088 πρὸς
479 997 587 1088 ὀρθὰς
605 1004 701 1068 ἔστω·
725 1000 827 1086 λέγω,
852 1001 902 1067 ὅτι
921 998 1118 1086 παράλληλοί

103 1109 170 1174 ἐστι
193 1105 234 1173 τὰ
257 1109 404 1175 ἐπίπεδα.

168 1215 213 1278 Εἰ
251 1212 316 1301 γὰρ
358 1213 420 1300 μή,
457 1213 684 1301 ἐκβαλλόμενα
721 1219 980 1300 συμπεσοῦνται.
1035 1233 1119 1300 συμ

51 1338 84 1387 10
102 1318 322 1387 πιπτέτωσαν·
365 1319 544 1405 ποιήσουσι
585 1319 626 1406 δή
669 1317 788 1407 κοινήν
824 1318 930 1408 τομήν
968 1316 1118 1388 εὐθεῖαν.

101 1427 301 1492 ποιείτωσαν
333 1423 397 1512 τήν
415 1419 506 1511 ΗΘ,
534 1425 590 1492 καὶ
618 1427 773 1514 εἰλήφθω
801 1426 854 1494 ἐπὶ
881 1430 940 1513 τής
962 1433 1031 1494 ΗΘ
1063 1455 1119 1496 τυ-

101 1527 163 1614 χὸν
191 1545 330 1618 σημεῖον
357 1532 395 1599 τὸ
425 1537 472 1615 Κ,
500 1531 555 1598 καὶ
584 1531 835 1620 ἐπεζεύχθωσαν
863 1536 900 1600 αλ
926 1540 1011 1620 AK,
1042 1541 1119 1602 ΒΚ.

71 1722 73 1728 ³
101 1636 157 1702 καὶ
181 1636 250 1704 ἐπεὶ
274 1633 294 1722 ἡ
318 1643 384 1704 ΑΒ
408 1633 497 1724 ὀρθή
521 1638 590 1704 ἐστι
612 1635 696 1726 πρὸς
718 1637 756 1707 τὸ
781 1647 845 1707 ΕΖ
868 1642 1036 1726 ἐπίπεδον,
1059 1640 1116 1707 καὶ

101 1741 185 1828 πρὸς
211 1741 273 1829 τήν
297 1749 365 1810 ΒΚ
391 1741 455 1829 ἄρα
485 1740 625 1812 εὐθεῖαν
653 1736 760 1813 οὖσαν
787 1748 825 1813 ἐν
846 1750 892 1838 τῷ
916 1753 978 1814 ΕΖ
1003 1749 1119 1832 ἐκβλη-

50 1867 83 1917 15
102 1850 198 1917 θέντι
226 1851 369 1941 ἐπιπέδῳ
398 1847 487 1936 ὀρθή
515 1852 607 1918 ἐστιν
633 1848 654 1937 ή
680 1859 758 1918 ΑΒ·
786 1849 806 1937 ή
830 1849 897 1938 ἄρα
924 1849 989 1921 ὑπὸ
1015 1860 1121 1921 ΑΒΚ

101 1953 320 2042 μωνίαχόρθή
345 1957 442 2023 ἐστιν.
486 1953 542 2023 διὰ
564 1955 605 2023 τὰ
628 1953 712 2024 αὐτοὶ
738 1953 779 2042 δή
802 1956 901 2045 καλή
926 1956 991 2027 ὑπὸ
1012 1967 1120 2027 BAK

102 2059 190 2150 ὀρθή
220 2064 318 2129 ἐστιν.
373 2060 539 2150 τριγώνου
563 2066 605 2150 δή
633 2073 694 2131 τοῦ
717 2069 824 2131 ABK
851 2068 888 2132 αλ
909 2064 972 2132 δύο
995 2072 1118 2149 γωνίαι

102 2171 139 2235 αλ
166 2166 229 2236 ὑπὸ
259 2175 377 2255 ΑΒΚ,
401 2176 505 2237 ΒΑΚ
531 2167 631 2237 δυσὶν
661 2166 783 2255 ὀρθαῖς
809 2174 896 2238 εἰσιν
924 2179 1006 2238 ἴσαι·
1035 2169 1118 2260 ὅπερ

101 2274 193 2341 ἐστὶν
216 2270 395 2344 ἀδύνατον.
433 2276 495 2344 οὐκ
517 2275 583 2363 ἄρα
607 2274 646 2342 τὰ
666 2281 747 2362 ΓΔ,
763 2283 825 2343 ΕΖ
845 2278 982 2344 ἐπίπεδα
1002 2276 1116 2361 ἐκβαλ-

49 2399 83 2449 20
101 2380 226 2466 λόμενα
254 2393 513 2468 συμπεσοῦνται·
547 2382 741 2466 παράλληλα
769 2379 835 2466 ἄρα
865 2378 933 2446 ἐστὶ
964 2377 1004 2444 τὰ
1033 2384 1118 2467 ΓΔ,

102 2493 165 2553 ΕΖ
188 2489 334 2556 ἐπίπεδα.

168 2592 263 2681 Πρὸς
290 2589 311 2662 ἃ
340 2598 477 2663 ἐπίπεδα
505 2592 570 2681 ἄρα
597 2590 617 2678 ἡ
647 2589 731 2676 αὐτή
760 2586 878 2657 εὐθεῖα
901 2585 990 2676 ὀρθή
1015 2591 1119 2680 ἐστιν,

101 2699 295 2788 παράλληλά
321 2699 452 2769 ἐστιτὰ
477 2700 628 2766 ἐπίπεδα·
652 2693 733 2784 ὅπερ
759 2698 826 2762 ἔδει
851 2696 964 2777 δεῖξαι.

174 2902 197 2950 1.
217 2891 424 2964 ἀναστήσονται
441 2892 475 2949 V.
530 2897 555 2946 4.
576 2886 634 2946 ἔστι
653 2890 741 2960 PBV,
760 2908 851 2960 comp.
869 2891 923 2947 Fb.
979 2898 1003 2948 5.
1024 2889 1116 3019 ἕσταρ]

101 2965 131 3035 Ρ,
152 2963 210 3022 ἐστι
228 2966 340 3021 BFVb.
397 2960 533 3033 ἐπίπεδα]
552 2957 626 3016 αὐτοὶ
646 2961 715 3034 μέρη
735 2983 766 3032 φ.
829 2970 854 3020 6.
875 2964 942 3034 ΓΔ]
962 2963 992 3017 in
1010 2981 1062 3018 ras.
1110 3010 1116 3022 .

187 3044 212 3094 7.
232 3037 296 3108 ΕΖ]
316 3035 412 3089 ZEb.
500 3033 1117 3104 12.BK]corr.exKBm.2V;KBB;

102 3105 148 3163 K''
168 3104 201 3163 B'
221 3107 249 3160 b.
305 3112 346 3160 1³.
366 3105 430 3176 καί]
450 3103 523 3174 (alt.)
542 3120 696 3174 suprascr.
716 3122 807 3175 comp.
826 3123 863 3159 m.
884 3111 898 3158 1
918 3106 944 3161 b.
1001 3110 1042 3160 16.
1059 3102 1119 3161 ἐστι

102 3180 164 3249 BV,
184 3194 272 3245 comp.
293 3175 352 3242 Fb;
370 3175 439 3230 item
458 3174 507 3230 lin.
528 3181 569 3231 17.
645 3182 685 3232 17.
705 3176 799 3248 ΑΒΚ]
821 3192 890 3232 corr.
910 3193 944 3232 ex
961 3180 1011 3230 AB
1029 3177 1059 3232 F.

102 3247 146 3321 αλ]
166 3266 219 3304 om.
238 3247 272 3302 V.
364 3252 406 3302 18.
425 3245 507 3317 εἰσιν]
528 3264 612 3318 supra
630 3265 665 3304 m.
687 3254 700 3301 1
716 3246 747 3303 P.
838 3248 896 3302 ἴσαι
916 3246 987 3302 εἰσίν
1000 3245 1034 3300 V.

102 3327 144 3376 20.
165 3314 237 3388 ἐστί]
268 3334 357 3389 comp.
378 3319 422 3387 F.;
451 3317 521 3375 εἰσίν
544 3317 574 3373 in
592 3335 646 3373 ras.
665 3337 702 3373 m.
724 3324 737 3371 1
758 3318 788 3374 P.
897 3324 939 3373 22.
959 3312 991 3388 ἅ]
1020 3333 1117 3385 οοο.φ

102 3393 170 3460 (non
188 3388 229 3459 F).
303 3383 362 3445 ἐστι
377 3391 409 3460 Β,
429 3393 457 3447 et
477 3407 545 3446 corr.
565 3390 595 3446 in
614 3385 688 3445 ἐστιν
704 3391 737 3460 V,
757 3405 847 3459 comp.
867 3388 921 3445 ΕΒ.
994 3393 1036 3442 23.
1058 3384 1119 3441 ἐπί-

102 3459 189 3530 πεδα]
210 3479 220 3513 ι
238 3459 268 3515 in
286 3478 337 3520 ras.
358 3480 394 3521 m.
415 3469 429 3517 1
450 3463 480 3518 P.
586 3457 656 3532 ὅπερ
676 3458 735 3516 ἔδει
754 3460 859 3530 δεῖξαι]
880 3476 933 3514 om.
953 3458 986 3514 V.
