2340 3818
94 123 160 188 376
494 125 675 176 APPENDIX
693 125 715 175 L

158 264 248 332 Ἐπεὶ
271 263 335 352 γὰρ
359 261 379 351 ἡ
405 273 438 331 A
445 271 473 332 B
497 261 604 351 ἄκρον
626 263 682 330 καῖ
705 263 813 349 μέσον
832 260 935 348 λόγον
958 264 1079 350 τέτμηται

94 369 176 438 κατὰ
205 370 242 438 τὸ
267 379 314 457 A,
341 371 397 439 καῖ
420 369 457 438 τὸ
482 376 593 456 μεῖζον
616 368 727 457 τμῆμά
751 372 842 437 ἐστιν
866 366 887 455 ἡ
910 377 992 456 AB,
1016 374 1081 437 ἔστι

95 476 162 564 ἄρα
186 474 231 557 ὡς
253 474 273 565 η
299 484 365 544 ΔΒ
389 500 473 565 προς
494 475 558 564 τὴν
581 484 659 562 BA,
687 473 792 556 οὕτως
816 473 837 562 ἡ
860 483 922 543 BA
945 475 1024 563 πρὸς
1037 469 1083 556 τὴν

95 592 171 651 ΑΛ.
213 591 269 669 ἴση
293 583 331 651 δὲ
354 581 374 670 ἡ
395 591 462 650 ΑΔ
483 587 523 671 τῇ
542 589 618 651 ΑΓ·
644 587 734 650 ἔστιν
754 579 819 669 ἄρα
838 579 922 667 ὡςὴ
944 591 1007 649 ΔΒ
1021 576 1086 666 ατρὸς

60 688 158 777 οτὴν
186 697 262 774 BA,
291 687 445 775 οὕτωςη
469 696 535 756 BA
562 687 645 777 πρὸς
673 687 735 774 τὴν
758 695 836 756 ΑΓ·
864 686 1088 773 ἀναστρέψαντι

96 794 161 883 ἄρα
185 793 230 875 ὡς
252 792 272 881 ἡ
297 802 361 862 ΒΔ
383 793 466 883 πρὸς
487 795 550 881 τὴν
573 802 654 880 ΔΑ,
683 795 789 874 οὕτως
811 791 832 880 ἡ
856 802 923 861 AB
944 789 1025 878 πρὸς
1044 788 1091 875 την

96 908 171 970 ΒΓ·
200 899 346 969 διελόντι
373 898 439 987 ἄρα
463 899 507 981 ὡς
529 898 549 986 ἡ
573 907 635 968 BA
662 899 747 988 πρὸς
767 898 831 986 τὴν
854 907 934 984 ΑΔ,
964 890 1092 978 οὕτωςὴ

97 1013 167 1075 ΑΓ
184 1005 268 1094 πρὸς
290 1005 352 1093 τὴν
375 1011 446 1073 ΓΒ.
492 1014 547 1093 ἴση
573 1005 610 1073 δὲ
633 1003 653 1092 ἡ
677 1014 748 1073 ΑΔ
770 1010 809 1094 τῇ
833 1010 908 1073 ΑΓ·
934 1009 1024 1070 ἔστιν
1045 1000 1096 1086 ἄρα

97 1112 142 1193 ὡς
164 1111 185 1199 ἡ
209 1120 271 1180 BA
293 1111 377 1200 πρὸς
404 1112 466 1198 τὴν
489 1119 558 1181 ΑΓ
582 1110 688 1192 οὕτως
716 1110 736 1201 ἡ
760 1118 831 1180 ΑΓ
853 1110 936 1198 πρὸς
958 1107 1020 1196 τὴν
1042 1113 1097 1175 ΓΒ.

47 1238 79 1289 10
99 1224 168 1286 ἔστι
192 1220 241 1286 δέ·
270 1215 379 1306 ἡγὰρ
403 1225 468 1285 AB
492 1216 598 1306 ἄκρον
621 1219 677 1286 καὶ
704 1220 809 1305 μέσον
832 1217 937 1302 λόγον
961 1216 1100 1301 τέτμηται

97 1325 180 1392 κατὰ
204 1324 242 1392 τὸ
266 1332 303 1393 Γ.

472 1428 518 1497 Ἡ
536 1431 736 1509 σύνθεσις.

163 1549 252 1620 Ἐπεὶ
269 1550 296 1639 ἡ
316 1560 381 1620 AB
406 1553 511 1640 ἄκρον
533 1553 589 1620 καὶ
612 1554 715 1639 μέσον
738 1551 841 1637 λέγον
860 1553 1015 1637 τέτμηται
1033 1546 1105 1616 κατὰ
1151 1542 1153 1549 ’

97 1656 135 1726 τὸ
164 1664 202 1742 Γ,
231 1664 321 1727 ἔστιν
349 1658 415 1747 ἄρα
443 1658 488 1740 ὡς
515 1657 535 1746 ἡ
560 1666 630 1726 BA
657 1657 742 1742 πρὸς
768 1656 831 1743 τὴν
853 1663 928 1741 ΑΓ,
962 1654 1066 1735 οὕτως
1089 1651 1105 1739 ἡ

49 1783 80 1835 15
100 1774 131 1832 A
140 1770 172 1831 Γ
188 1763 272 1851 πρὸς
294 1764 357 1851 τὴν
379 1771 450 1833 ΓΒ.
496 1773 551 1850 ἴση
576 1762 651 1850 ἴὲὴ
676 1770 745 1832 ΛΓ
763 1767 803 1852 τῇ
827 1773 911 1831 ΑΛ·
935 1769 1028 1830 ἔστιν
1050 1760 1108 1845 ἄρα

100 1868 147 1949 ὡς
169 1871 189 1956 ἡ
214 1876 275 1938 BA
298 1869 382 1957 πρὸς
404 1869 466 1956 τὴν
489 1878 571 1956 ΛΔ,
597 1871 703 1949 οὕτως
725 1867 746 1955 ἡ
766 1874 836 1936 ΑΓ
853 1866 937 1957 πρὸς
959 1867 1023 1954 τὴν
1042 1873 1108 1934 ΓΒ·

101 1978 262 2044 συνθέντι
286 1974 330 2056 ὡς
353 1973 373 2061 ἡ
398 1984 459 2043 ΒΔ
482 1975 565 2063 πρὸς
587 1973 649 2061 τὴν
669 1985 750 2061 ΔΑ,
774 1973 881 2054 οὕτως
903 1972 924 2060 ἡ
944 1981 1011 2041 ΑΒ
1035 1972 1111 2059 ατρὸς

99 2082 161 2168 τὴν
176 2088 250 2149 ΒΓ·
274 2081 520 2169 ἀναστρέψαντι
543 2079 587 2161 ὡς
606 2079 627 2168 ἡ
643 2089 709 2149 ΔΒ
728 2080 812 2169 πρὸς
828 2081 891 2166 τὴν
904 2088 987 2164 BA,
1014 2077 1113 2157 οὕτως

101 2185 121 2272 ἡ
142 2195 203 2254 BA
226 2186 309 2273 πρὸς
330 2186 392 2275 τὴν
411 2194 485 2256 ΑΓ.
519 2196 574 2274 ἴση
599 2186 636 2254 δὲ
655 2185 675 2272 ἡ
695 2190 817 2275 Asty}
837 2193 916 2252 AA·
941 2190 1033 2253 ἔστιν
1052 2183 1114 2271 ἄρα

48 2313 83 2361 20
102 2291 148 2372 ὡς
174 2291 195 2378 ἡ
219 2300 285 2359 ΔΒ
314 2291 396 2377 πρὸς
418 2301 496 2379 BA,
525 2291 631 2372 οὕτως
658 2290 678 2378 ἡ
701 2300 764 2360 BA
787 2289 870 2378 πρὸς
892 2299 973 2358 ΑΔ.
1009 2288 1029 2376 ἡ
1054 2289 1115 2377 ἄρα

103 2406 170 2465 AB
193 2396 298 2484 ἄκρον
320 2399 376 2465 καὶ
400 2399 503 2486 μέσον
526 2399 629 2485 λόγον
652 2401 806 2486 τέτμηται
829 2399 911 2465 κατὰ
933 2394 972 2464 τὸ
993 2407 1041 2483 A,
1065 2396 1116 2463 καὶ

101 2501 139 2570 τὸ
164 2508 275 2589 μεῖζον
299 2502 408 2589 τμῆμά
432 2506 522 2571 ἐστιν
546 2503 566 2589 ἡ
591 2511 669 2570 AB·
715 2499 795 2590 ὅπερ
820 2505 887 2569 ἔδει
910 2504 1028 2583 δεῖξαι.

598 2701 627 2763 9.

375 2805 431 2868 Ad
454 2805 544 2870 libr.
567 2804 648 2868 XIII
671 2827 775 2889 prop.
802 2807 851 2870 17.

166 2923 262 3011 Ῥητὴ
286 2923 351 3013 γὰρ
375 2923 396 3011 ἡ
415 2933 448 2992 Α
454 2933 481 2992 Β
500 2922 606 3012 ἄκρον
623 2926 679 2993 καῖ
699 2926 801 3012 μέσον
820 2925 924 3011 λόγον
943 2908 1121 3013 τετμήσθω

103 3030 186 3098 κατὰ
209 3028 246 3097 τὸ
271 3036 309 3116 Γ,
337 3031 392 3097 καὶ
417 3037 499 3098 ἔστω
527 3036 638 3118 μεῖζον
662 3029 699 3098 τὸ
724 3039 756 3098 A
762 3036 798 3098 Γ.
843 3037 1062 3117 προσκείσθω
1088 3031 1123 3099 δὲ

176 3179 200 3229 9,
217 3173 261 3226 Ad
274 3173 442 3227 uocabulum
457 3169 545 3243 κύβον
560 3192 586 3242 p.
603 3179 663 3242 326,
680 3178 711 3227 19
727 3173 808 3243 signo
819 3157 861 3240 ἅ
875 3172 997 3228 relatum
1017 3173 1047 3228 in
1068 3192 1123 3244 mg.

105 3246 154 3299 inf.
174 3243 238 3298 hab.
259 3244 281 3298 P
300 3262 335 3298 m.
357 3250 370 3296 1
391 3245 453 3312 (pro
473 3243 598 3310 scholio).

179 3378 201 3422 1.
223 3363 381 3422 έττεί-Β.
401 3367 543 3437 AB]mg.
564 3367 596 3421 V.
681 3375 703 3422 1.
724 3365 790 3439 γάρ]
810 3358 862 3422 οὖν
881 3368 915 3422 V.
1005 3365 1126 3424 Ἆιιατὰ

103 3437 136 3496 τὸ
153 3439 190 3513 Α]
211 3455 263 3496 om.
285 3437 318 3494 V.
406 3444 431 3494 6.
452 3438 519 3510 ΒΔ]
537 3453 605 3492 corr.
624 3454 659 3491 ex
678 3443 721 3492 BA
740 3457 778 3494 m.
797 3440 850 3492 213.
933 3442 957 3492 8.
978 3440 1127 3508 ἴση-9.
