2340 3818
105 141 171 204 260
478 141 679 193 Σοοικωιοκ
698 160 744 208 η

104 308 259 368 τμηται,
287 281 352 348 καί
378 278 420 349 τὸ
445 287 584 368 μεῖζον
609 279 738 368 τμῆμά
763 277 909 348 ἐστιν’
892 307 914 368 η
938 277 1019 362 έξ’
999 282 1120 367 αρχῆς

105 385 256 455 εὐθεῖα.

172 491 302 562 Εὐθεῖα
325 491 388 625 μὰμ
412 490 547 581 γραμμὴ
570 521 592 580 η
610 505 643 562 Α
649 493 718 562 Β
696 520 801 582 ακρον
819 493 875 561 καὶ
894 435 998 580 μέσον
1017 491 1118 578 λόγον

103 601 279 687 τετμήσθω
302 600 384 668 κατὰ
407 599 445 666 τὸ
465 606 497 667 Γ
515 613 665 687 σημεῖον,
688 601 744 668 καὶ
767 605 850 669 ἔστω
873 606 986 687 μεῖζον
1009 610 1119 726 τμῆμα

69 704 125 793 οὴ
153 713 233 792 ΑΓ,
261 706 317 773 καί
344 710 384 796 τῇ
412 712 482 774 ΑΓ
505 714 561 794 ίση
591 712 744 792 [κείσθω]
767 704 796 794 ’ἡ
824 714 909 774 AA.
938 703 1089 791 λέμω,”
1070 731 1116 772 οτι

103 810 125 900 6
151 820 217 880 AB
246 811 363 880 εὐθεῖα
389 811 497 898 ι’ίιιρον
523 813 579 881 καὶ
602 815 705 901 μέσον
733 814 837 899 λόγον
859 813 1014 899 τέτμηται
1037 809 1114 878 κατὰ

104 917 142 986 τὸ
166 927 213 1004 A,
240 918 351 986 καὶ
319 945 356 987 το
381 926 492 1006 μεῖζον
520 919 630 1006 τμῆμά
659 922 749 989 ἐστιν
771 916 793 1006 6
817 920 851 1000 ἐξ
873 917 977 1005 ἀρχῆς
1002 914 1117 986 εὐθεῖα

104 1021 127 1110 6
149 1031 223 1092 AB.

169 1129 432 1217 Ἀναγεγράφθω
464 1130 528 1218 γὰρ
561 1129 627 1198 ἀπὸ
659 1136 717 1218 τῆς
744 1138 810 1199 ΑΒ
841 1129 1055 1216 τετράγωνον
1081 1127 1116 1197 τὸ

53 1252 87 1301 10
105 1243 186 1320 ΑΒ,
210 1235 266 1302 καί
288 1238 556 1324 καταγεγράφθω
579 1239 618 1305 τὸ
641 1243 759 1367 σχῆμα.
796 1237 865 1306 ἐπεὶ
888 1234 1038 1324 6AB³¹
1016 1262 1116 1323 ακρον

105 1341 161 1408 καὶ
194 1342 297 1427 μέσον
328 1345 431 1428 λόγον
462 1345 615 1429 τέτμηται
645 1342 728 1411 κατὰ
756 1343 794 1412 τὸ
824 1350 861 1430 Γ,
892 1342 931 1411 τὸ
958 1342 1028 1431 ἄρα
1053 1340 1117 1410 ὑπὸ

106 1453 210 1515 ΑΒΓ
237 1457 313 1516 ίσον
342 1449 410 1516 ἐστὶ
437 1452 483 1540 τῷ
511 1445 577 1516 οἷκὸ
598 1456 674 1517 ΑΓ.
725 1456 785 1518 καί
810 1453 878 1518 ἐστι
905 1447 943 1517 τὸ
967 1450 1030 1535 μέν
1052 1446 1118 1518 ὑπὸ

105 1558 208 1619 ΑΒΓ
230 1551 268 1620 τὸ
292 1558 370 1638 ΓΕ,
397 1551 435 1619 τὸ
465 1551 502 1620 δέ
530 1549 595 1621 ἆιιὸ
623 1557 683 1641 τῆς
704 1559 775 1621 ΑΓ
791 1552 829 1623 τὸ
852 1562 925 1623 ΓΘ·
955 1564 1032 1623 ίσον
1056 1554 1120 1643 ἄρα

105 1657 143 1725 τὸ
168 1664 232 1725 ΓΕ
251 1669 298 1750 τῷ
322 1663 391 1726 ΘΓ.
437 1655 521 1726 ἀλλὰ
548 1670 593 1752 τῷ
618 1659 679 1745 μέν
702 1667 768 1728 ΓΒ
788 1669 864 1730 ίσον
887 1661 956 1730 ἐστὶ
978 1664 1017 1729 τὸ
1040 1668 1120 1746 ΘΕ,

53 1781 86 1830 15
104 1766 150 1855 τῷ
176 1764 212 1832 δέ
231 1771 299 1832 ΘΓ
317 1773 393 1832 ίσον
415 1763 452 1832 τὸ
474 1771 555 1832 ΔΘ·
577 1765 633 1832 καὶ
655 1764 693 1832 τὸ
709 1773 776 1833 ΛΘ
798 1764 862 1854 ἄρα
886 1775 962 1835 ἴσον
986 1768 1056 1836 ἐστὶ
1075 1778 1120 1859 τῷ

105 1876 171 1936 ΘΕ
193 1868 324 1953 [κοινὸν
352 1876 564 1957 προσκείσθω
594 1870 631 1938 τὸ
660 1877 745 1955 ΘΒ].
784 1871 866 1940 ὅλον
893 1871 960 1959 ἅμα
987 1871 1024 1941 τὸ
1050 1880 1124 1941 AK

104 1973 172 2065 ὅλῳ
195 1978 241 2066 τῷ
262 1981 331 2041 ΑΕ
352 1976 442 2043 ἐστιν
466 1983 550 2043 ίσον.
587 1982 646 2044 καί
668 1979 737 2044 έστι
759 1976 798 2045 τὸ
822 1976 884 2064 μέν
904 1984 976 2046 AK
994 1979 1033 2049 τὸ
1052 1978 1119 2049 ὑπὸ

104 2085 172 2147 τῶν
200 2087 284 2167 ΒΔ,
313 2089 395 2148 AA·
426 2090 480 2168 ίση
510 2083 575 2169 γὰρ
602 2080 623 2168 6
654 2092 725 2150 AA
752 2093 791 2172 τῇ
816 2089 898 2149 AA·
925 2081 963 2152 τὸ
992 2085 1030 2152 δὲ
1055 2094 1123 2154 ΑΕ

103 2184 141 2252 τὸ
167 2185 232 2254 ἀπὸ
256 2192 315 2274 τῆς
338 2195 416 2255 AB·
440 2191 478 2257 τὸ
502 2187 568 2273 ἅμα
591 2186 656 2256 ὑπὸ
679 2193 748 2258 τῶν
767 2196 864 2258 BAA
887 2198 962 2258 ίσον
986 2193 1056 2259 ἐστὶ
1076 2198 1120 2284 τῷ

51 2309 85 2358 20
105 2287 169 2358 ἄττὸ
203 2296 260 2377 τῆς
288 2299 363 2360 ΑΒ.
415 2291 558 2361 ἔστιν”
537 2321 603 2381 αρα
631 2321 676 2375 ως
703 2292 724 2381 6
749 2302 815 2362 AB
844 2294 927 2383 πρὸς
952 2295 1015 2383 τὴν
1038 2305 1121 2382 BA,

105 2394 210 2477 οὕτως
237 2394 258 2483 ἡ
288 2404 356 2465 ΒΑ
383 2397 466 2485 πρὸς
493 2397 555 2527 την
578 2407 657 2468 AA.
709 2407 828 2487 μείζων
856 2401 941 2488 666
966 2410 1034 2470 AB
1063 2415 1122 2492 τῆς

103 2510 179 2570 ΒΑ·
204 2502 369 2589 μείζων”
348 2530 414 2591 αρα
437 2501 533 2571 ual‘
516 2532 536 2591 η
560 2512 630 2573 ΒΑ
652 2511 710 2593 τῆς
732 2515 807 2575 AA.

165 2607 251 2676 H’'
229 2637 296 2698 αμα
315 2618 348 2677 A
355 2608 423 2677 Β
402 2637 507 2696 ακρον
530 2614 585 2679 καὶ
612 2614 715 2699 μέσον
737 2611 842 2699 λόγον
864 2615 1018 2701 τέτμηται
1036 2615 1121 2684 κατὰ

103 2714 141 2783 τό
171 2725 216 2800 A,
244 2717 299 2783 καὶ
326 2715 364 2784 τὸ
393 2723 503 2803 μεῖζον
527 2717 639 2804 τμῆμά
666 2717 799 2806 ἐστινὴ
828 2728 908 2788 ΑΒ·
942 2719 1023 2808 ὅπερ
1053 2729 1121 2791 ἔδει

50 2839 84 2888 ιτ
104 2823 219 2902 δεῖξαι.

176 3040 200 3088 3.
219 3028 284 3103 ἡ]
270 3053 287 3101 η
307 3029 385 3088 Ab
458 3039 482 3089 ο.
489 3035 622 3123 κείσθω]
644 3052 698 3092 om.
717 3036 747 3091 Ρ
820 3044 845 3092 6.
864 3039 928 3110 ΔΒ]
949 3041 1049 3095 AAb.

106 3110 130 3159 7.
150 3099 180 3174 6]
200 3120 255 3158 om.
275 3122 302 3172 q.
354 3101 446 3191 6-
466 3102 582 3178 εὐθεῖα]
602 3123 656 3162 om
674 3107 708 3163 V.
790 3113 814 3162 8.
834 3109 896 3179 AB]
917 3128 949 3163 su
970 3127 1074 3166 εοεαε.
1097 3119 1120 3166 A

104 3193 140 3229 m.
162 3175 222 3228 lb
300 3182 324 3230 3.
344 3169 380 3229 ἄν
384 3195 511 3245 αμενεμρ
530 3178 566 3246 P,
594 3194 665 3232 corr
683 3197 720 3232 m.
742 3185 765 3232 1
833 3127 1035 3266 16616669
1056 3182 1120 3238 BV

191 3251 232 3299 12.
251 3265 289 3298 τω
268 3246 308 3300 ὧν
327 3246 460 3301 ΑΒΓ7.
552 3219 623 3330 ἄττὸ]
643 3264 711 3303 corr.
732 3266 801 3303 exv
783 3246 840 3304 ὗιτό
859 3267 896 3304 m
916 3250 1122 3323 1Ρ.τῇς

104 3317 209 3370 ΑΓ7.
289 3312 413 3372 έοτινΡ.
497 3325 538 3374 13
558 3319 614 3372 τῶν
633 3320 767 3374 ABFV
852 3321 922 3392 ΓΘ]
944 3323 1048 3378 ΘΓΡ.

106 3393 148 3442 14
169 3387 240 3458 ΘΓ]
261 3403 329 3441 corr
351 3404 384 3441 ex
404 3390 512 3443 ΓΘιο
532 3389 601 3444 2V
687 3396 728 3444 16.
749 3391 821 3462 ΘΓ]
841 3393 987 3448 Θοοοιι.
1007 3393 1040 3448 7.

100 3463 141 3513 16.
163 3455 263 3514 κοινόν
282 3490 316 3499 -
339 3458 408 3531 ΘΒ]
427 3461 528 3532 postea
546 3461 611 3516 add.
629 3479 667 3516 m.
687 3470 701 3516 1
721 3463 751 3516 Ρ.
838 3463 903 3532 ΘΒ]
924 3464 949 3517 Θ
967 3479 983 3518 ε
1001 3480 1073 3522 corr.
1093 3466 1119 3520 b.
