2340 3818
337 155 612 208 ananauroaun
629 157 738 207 arnna
756 159 830 210 xnr.
1028 155 1093 221 309

75 318 162 380 esse,
191 300 225 362 et
248 300 315 362 AO
342 299 470 382 etipsa
493 299 671 383 pentagoni
694 302 757 381 est,
781 299 967 384 triangulus
991 306 1094 366 ΠΛΟ

74 403 296 488 aequilaterus
321 408 379 470 est.
416 404 527 470 eadem
552 404 590 468 de
614 426 712 469 causa
736 406 834 471 etiam
854 407 974 491 singuli
992 409 1093 473 triau-

75 510 146 594 guli
161 514 283 595 APM,
302 513 431 590 ΜΣΝ,
450 511 564 593 ΝΤΞ,
583 511 680 585 &TO
694 512 886 597 aequilateri
906 503 990 578 sunt.
1027 515 1092 578 iam

76 621 226 681 sumatur
262 620 409 682 centrum
447 617 559 682 circuli
591 619 767 683 ΕΖΗΘΚ
805 617 881 700 [HL
917 621 949 700 1]
985 623 1018 684 et
1050 621 1094 685 sit

74 727 233 805 punctum
260 726 299 788 Φ.
348 726 381 787 et
403 723 438 787 in
459 726 593 808 puncto
607 728 639 788 Φ
666 724 707 789 ad
729 725 860 808 planum
886 725 997 790 circuli
1020 747 1093 811 per-

73 827 293 912 pendicularis
317 829 463 913 erigatur
489 831 557 893 ΦΩ
587 833 620 894 et
647 830 687 894 ad
711 830 849 895 alteram
872 835 998 914 partem
1021 853 1093 915 pro

74 935 212 1000 dueatur
236 939 274 999 ut
299 939 390 1021 ΦΨ,
420 945 453 1000 et
483 936 694 1001 abscindatur
716 937 803 1002 latus
826 937 989 1022 hexagoni
1015 942 1092 1020 ΦΧ,

76 1041 235 1125 decagoni
258 1046 367 1106 antem
390 1044 528 1126 utraque
554 1046 642 1126 ΦΨ,
665 1045 746 1125 ΧΩ,
770 1047 802 1106 et
826 1043 985 1108 ducantur
1008 1047 1091 1127 ΠΩ,

76 1152 162 1230 ΠΧ,
188 1150 268 1231 ΤΩ,
292 1150 372 1231 ΕΦ,
391 1151 475 1231 ΛΦ,
493 1153 582 1233 ΛΨ,
605 1153 692 1214 ΨΜ.
730 1154 764 1215 et
782 1152 935 1233 quoniam
954 1154 1092 1234 utraque

77 1257 157 1336 ΦΧ,
180 1258 252 1319 ΠΕ
278 1253 319 1318 ad
341 1254 475 1338 planum
499 1255 612 1320 circuli
635 1255 911 1341 perpendicularis
934 1261 997 1338 est,
1027 1261 1097 1322 ΦΧ

73 1363 184 1424 rectae
198 1363 270 1423 HE
285 1361 443 1443 parallelo
462 1365 512 1425 est
532 1360 601 1444 [XL
616 1361 660 1442 6].
690 1382 803 1426 uerum
823 1363 921 1427 etiam
941 1365 1091 1447 aequales

75 1470 179 1530 sunt·
213 1488 312 1550 quare
340 1467 440 1531 etiam
462 1471 546 1550 ΕΦ,
574 1472 613 1531 Π
619 1472 653 1531 Χ
676 1469 827 1552 aequales
856 1473 889 1534 et
917 1470 1093 1553 parallelae

76 1576 153 1636 sunt
173 1571 212 1652 [1,
227 1573 293 1653 33].
332 1573 387 1637 sed
402 1576 472 1637 ΕΦ
490 1573 578 1638 latus
597 1577 648 1638 est
665 1574 838 1658 hexagoni.
875 1597 974 1659 quare
994 1577 1092 1641 etiam

75 1681 151 1740 ΠΧ
174 1677 336 1763 hexagoni
364 1680 423 1744 est.
475 1682 507 1743 et
534 1680 689 1763 quoniam
712 1684 786 1744 ΠΧ
809 1681 895 1745 latus
924 1684 974 1745 est
996 1682 1093 1746 hexa-

74 1784 164 1866 goni,
189 1786 256 1848 ΧΩ
279 1788 388 1848 autem
412 1785 577 1870 decagoni,
601 1790 634 1850 et
657 1788 728 1861 ΛΠ
735 1788 803 1849 ΧΩ
825 1790 932 1850 rectus
956 1789 1006 1850 est
1030 1786 1092 1866 [XI

75 1889 195 1959 def.,3.
232 1889 262 1967 Ι,
285 1890 360 1974 29],
392 1894 464 1955 ΠΩ
497 1891 583 1955 latus
616 1896 667 1956 est
697 1892 875 1976 pentagoni
908 1893 1011 1975 [prop.
1038 1890 1092 1973 X].

28 2010 29 2015 ’
75 1995 187 2059 eadem
210 1994 248 2058 de
272 2015 370 2061 causa
393 1996 493 2060 etiam
516 1998 579 2059 ΤΩ
596 1997 776 2081 pentagoni
795 2002 854 2081 est,
877 1999 1040 2083 quoniam,
1064 2000 1092 2063 si

75 2101 259 2166 duxerimus
282 2104 364 2186 ΦΚ,
387 2106 422 2165 Χ
427 2107 465 2185 Y,
489 2103 640 2186 aequales
664 2106 760 2167 erunt
783 2108 816 2168 et
834 2103 919 2168 inter
939 2126 972 2168 se
992 2126 1092 2188 oppo-

76 2209 168 2291 sitae,
188 2211 220 2271 et
237 2195 309 2270 ΦΚ
323 2207 431 2272 radius
452 2208 598 2292 aequalis
618 2212 668 2273 est
685 2209 780 2273 lateri
798 2210 974 2295 hexagoni,
994 2233 1092 2294 quare

74 2313 175 2376 etiam
206 2319 274 2377 ΧΤ
303 2314 465 2397 hexagoni
499 2318 556 2378 est
612 2315 768 2398 decagoni
801 2318 909 2381 autem
941 2320 1022 2401 ΧΩ,
1059 2323 1093 2381 et

74 2421 216 2495 [ΤΧΩ
238 2424 346 2485 rectus
370 2424 433 2504 est3
458 2441 557 2504 quare
584 2422 650 2484 ΤΩ
671 2423 850 2506 pentagoni
874 2426 932 2488 est.
977 2444 1090 2488 uerum

74 2525 176 2589 etiam
204 2529 275 2588 ΠΤ
304 2525 482 2609 pentagoni
514 2530 572 2591 est.
626 2525 738 2611 itaque
769 2527 953 2612 triangulus
986 2532 1092 2593 ΠΤΩ

75 2631 296 2714 aequilaterus
320 2634 378 2695 est
416 2630 527 2696 eadem
551 2632 590 2696 de
614 2625 716 2698 causa
736 2632 838 2716 igitur
857 2633 955 2697 etiam
973 2633 1093 2718 reliqui

72 2736 245 2821 trianguli,
276 2758 412 2822 quorum
440 2738 535 2802 bases
564 2742 640 2803 sunt
666 2742 774 2803 rectae
802 2743 840 2802 Π
842 2742 880 2821 Ρ,
910 2741 988 2822 ΡΣ,
1014 2743 1091 2823 ΣΤ,

78 2849 152 2926 Tr,
183 2846 297 2908 uertex
330 2848 440 2909 autem
472 2849 628 2928 punctum
659 2847 705 2928 Ω,
743 2845 866 2928 singuli
899 2845 1092 2929 aequilateri

74 2953 161 3015 sunt
216 2971 327 3015 rursus
361 2951 514 3034 quoniam
546 2950 708 3035 hexagoni
742 2954 792 3014 est
827 2951 903 3034 ΦΛ,
934 2935 1091 3036 decagoni

74 3196 165 3252 llitt.
184 3197 215 3250 P.
293 3185 364 3249 stola
383 3193 440 3250 ΡΒ.
513 3197 576 3248 ΧΠ
591 3193 621 3250 P.
700 3201 741 3250 15.
761 3190 847 3266 ἐστιν]
867 3197 964 3266 (prius)
983 3186 1040 3250 dcte
1059 3197 1090 3264 P,

72 3267 146 3322 εἰσιν
162 3284 187 3334 q.
263 3271 303 3320 19.
325 3269 383 3319 ΦΧ
393 3264 424 3321 Β.
498 3271 540 3319 21.
561 3266 633 3337 ΤΩ]
653 3269 712 3320 ΩΤ
728 3265 757 3320 P.
830 3272 872 3320 22.
893 3265 968 3321 ἔστιν
987 3266 1018 3321 Β.

72 3334 149 3405 ἐστί]
170 3354 224 3392 om.
243 3336 276 3404 V,
299 3331 374 3391 ἐστίν
393 3335 422 3392 P.
496 3341 539 3391 23.
559 3337 625 3408 καί]
644 3354 698 3394 om.
717 3337 773 3406 bq,
794 3354 878 3408 supra
895 3356 932 3392 m.
952 3343 968 3391 2
987 3338 1018 3389 B.

72 3415 118 3465 24.
139 3402 190 3478 ὧν]
211 3425 295 3478 supra
312 3425 349 3462 m.
369 3413 384 3461 2
403 3406 434 3462 B.
507 3412 550 3462 26.
570 3403 699 3477 ἕστιΡᾳ,
720 3425 810 3477 comp.
829 3408 856 3461 b.
930 3404 993 3478 μέν]
1015 3403 1089 3462 ἐστίν

71 3500 106 3549 q,
126 3477 178 3547 μέν
198 3474 272 3534 ἔστιν
291 3477 318 3534 b.
391 3481 445 3533 ΛΦ
464 3497 499 3548 q.-
