2340 3818
349 136 624 198 mememoratur
637 148 747 197 araas
764 149 826 200 ΧΠ,
1035 146 1099 210 175

76 286 238 371 pyramis,
257 287 347 352 euius
361 289 451 353 basis
466 293 517 353 θεὴ
531 293 634 353 ΔΕΒ
649 290 844 376 triangulus,
862 294 973 355 uertex
990 295 1098 356 autem

75 393 111 455 Γ
124 397 294 479 punctum,
313 394 425 459 eadem
441 399 491 459 θεὴ
505 417 543 460 aa
556 397 709 480 pyramis,
729 396 818 461 euius
832 396 921 461 basia
937 401 988 461 θεὴ
1000 401 1102 462 ΕΒΓ

75 500 278 586 triangulus,
296 506 409 567 uertex
428 506 536 567 autem
556 506 589 566 A
607 508 776 587 punctum3
799 525 875 568 nam
895 503 1011 568 iisdem
1029 506 1097 587 pla-

73 606 132 670 nis
159 608 373 675 continentur.
406 631 505 693 quare
529 609 628 673 etiam
650 608 804 694 pyramis,
827 610 919 674 cuius
938 609 1028 674 basis
1048 614 1098 675 θεὴ

536 719 641 779 ΑΒΔ
654 717 848 800 triangulus,
862 720 975 780 uertex
990 718 1098 780 autem

535 823 568 886 Γ
591 825 761 906 punctum,
789 822 934 907 aequalis
964 827 1014 887 θεὴ
1041 845 1097 907 py-

394 928 403 956 ¹
536 928 666 1012 ramidi,
695 929 784 993 euius
812 928 901 993 basis
925 933 977 992 θεὴ
1001 932 1102 993 ΕΒΓ

535 1033 735 1118 triangulus,
771 1039 884 1100 uertex
921 1039 1030 1099 autem
1065 1040 1097 1100 A

534 1143 699 1223 punctum.
721 1162 839 1206 rursus
855 1143 1009 1227 quoniam
1024 1164 1096 1226 par-

535 1245 818 1330 allelogrammum
836 1252 887 1312 θεὴ
902 1252 1044 1333 ΖΓΒΕ,
1064 1253 1097 1313 θὴ

535 1352 712 1417 diametrus
741 1353 810 1417 eius
842 1357 892 1418 θεὴ
917 1355 988 1436 ΓΒ,
1034 1354 1097 1419 erit

536 1461 621 1522 ΓΕΖ
636 1489 679 1512 =
693 1461 785 1523 ΓΒΕ
811 1459 854 1543 [I,
883 1460 950 1541 34].
997 1482 1096 1545 quare
1157 1517 1161 1525 .

468 1553 489 1609 Α
535 1565 634 1629 etiam
652 1567 806 1650 pyramis,
829 1568 919 1631 euius
938 1568 1028 1631 basis
1048 1571 1097 1631 θεὴ

81 1672 181 1735 ΒΓΒ
191 1671 385 1757 iriangulus,
403 1674 516 1736 uertex
530 1678 638 1736 autem
652 1676 686 1736 A
700 1677 865 1759 punctum,
885 1673 1030 1756 aequalis
1045 1675 1097 1735 θεὴ

80 1765 252 1861 pyramidi,
266 1777 356 1842 auius
371 1778 460 1843 basis
475 1781 525 1842 θεὴ
539 1780 638 1842 ΕΓΖ
651 1779 846 1863 triangulus,
862 1783 972 1843 uertex
987 1781 1096 1842 auiam

80 1888 115 1947 A
126 1886 295 1968 punctum.
332 1884 624 1949 demonstrauimus
641 1888 759 1969 autem,
776 1884 987 1968 pyramidem,
1006 1883 1095 1947 auius

77 1992 169 2057 basis
193 1991 237 2056 sit
262 1994 359 2056 ΒΓΒ
379 1991 577 2075 triangulus,
607 1994 719 2054 uertex
742 1994 851 2055 autem
876 1997 909 2054 A
931 1993 1095 2074 punctum,

79 2098 249 2183 aequalem
278 2119 347 2162 esse
374 2096 546 2181 pyramidi,
574 2096 663 2160 auius
691 2096 779 2160 basis
807 2097 852 2161 sir
874 2099 974 2160 ΑΒΔ
997 2096 1095 2159 trian-

79 2204 187 2290 gulus,
207 2206 318 2269 uertex
337 2206 446 2268 autem
461 2205 668 2288 Ppunctum.
705 2224 804 2287 quare
824 2202 922 2266 etiam
941 2203 1096 2288 pyramis,

81 2312 170 2376 euius
203 2310 292 2375 basis
326 2314 375 2375 θεὴ
406 2313 503 2375 ΓΕΖ
535 2309 734 2393 trianguluS,
770 2313 882 2374 uertex
920 2313 1029 2374 autem
1062 2313 1096 2372 A

80 2421 247 2501 punctum,
269 2417 412 2500 aequalis
437 2420 488 2481 θεὴ
509 2416 679 2501 pyramidi,
702 2417 791 2481 auius
815 2416 903 2481 basis
927 2420 978 2481 θεὴ
995 2419 1096 2480 ΑΒΔ

81 2523 279 2607 triangulus,
310 2526 421 2587 uertex
456 2526 563 2587 autem
592 2525 624 2586 Γ
646 2527 810 2606 punctum.
862 2542 939 2607 ergo
972 2522 1095 2606 prisma

84 2633 281 2695 ΑΒΓΔΕΖ
314 2629 348 2692 in
380 2633 446 2693 tres
479 2629 664 2714 pyramides
697 2629 846 2713 aequales
878 2627 1019 2692 diuisum
1047 2632 1096 2692 θεὴ

84 2734 262 2820 triangulas
288 2735 380 2798 bases
404 2734 571 2799 habentes.

147 2845 182 2906 θὴ
196 2841 349 2926 quoniam
363 2841 516 2925 pyramis,
530 2841 620 2906 euius
634 2840 722 2905 basis
733 2841 783 2904 θεὴ
792 2842 894 2903 ΑΒΔ
903 2838 1094 2924 triangulus,

83 2952 194 3012 uertex
212 2950 321 3012 autem
342 2949 374 3010 Γ
387 2950 550 3031 punctum,
575 2947 686 3011 eadem
706 2949 755 3010 θεὴ
774 2967 812 3011 aa
830 2946 986 3030 pyramis,
1005 2946 1094 3010 auius

82 3053 170 3119 basis
194 3057 244 3118 θεὴ
266 3057 298 3118 Γ
295 3059 327 3117 Α
333 3056 360 3116 Β
383 3053 582 3137 triangulus,
609 3056 721 3117 uertex
749 3056 858 3117 autem
882 3056 916 3115 A
938 3059 1093 3136 punctum

83 3161 172 3246 (nam
200 3161 314 3226 iisdem
342 3159 449 3244 planis
478 3157 710 3245 continentur),
741 3158 943 3244 pyramidem
976 3164 1093 3242 autem,

153 3412 196 3533 {d
215 3401 265 3548 ed]
284 3405 444 3534 immi,
374 3403 499 3477 )μὲντ’
468 3425 548 3475 r30q
567 3402 786 3478 pivsorero‘V.
843 3407 928 3477 ΓΑΒ]
945 3405 1092 3461 acorr.V.

232 3496 247 3530 ο
300 3477 343 3532 σὴ
378 3474 437 3533 dV
