2272 3796
312 140 588 192 numianuonum
604 140 714 190 umus
731 140 792 193 ΧΠ.
997 136 1060 201 157

81 277 202 366 praelum
219 286 266 368 Κ,
289 281 435 367 pyramis
453 285 572 366 aulem,
595 282 685 347 euius
704 283 793 347 basis
813 287 863 347 esd
876 283 1061 369 triangulus

79 392 163 474 ΕΒΖ,
184 393 297 455 uerbex
324 392 434 453 aulem
460 391 617 474 punebum
639 391 686 472 K,
712 388 860 472 aequalis
888 392 938 454 eet
965 412 1061 474 pyra-

78 495 147 579 midi,
167 496 253 561 euius
276 495 368 560 basis
391 498 441 561 est
462 499 576 560 ΑΕΗ
592 495 789 580 briangulus,
817 498 929 558 uertex
953 499 1060 562 audem

77 604 205 685 pendium
227 606 272 686 Θ,
299 623 377 666 nam
398 601 507 686 planis
530 601 719 685 aequalibus
738 604 772 665 eb
794 600 954 664 similibus
977 622 1063 666 eom·

53 707 303 793 -prehendundur3
335 730 435 793 quare
467 707 567 772 etiam
598 707 735 791 prisma,
768 708 859 772 euius
890 706 980 771 basis
1013 711 1063 772 esd

76 816 188 880 ΕΒΖΗ
209 815 565 900 parallelogrammum,
597 814 627 879 ei
659 818 767 880 aulem
795 814 947 899 opposida
973 817 1063 878 reela

77 923 132 1005 dli,
156 923 260 987 maius
288 923 339 986 est
360 920 543 1005 pyramide,
572 921 663 985 euius
692 921 780 986 basis
804 924 854 987 esd
877 920 1062 1004 triangulus

78 1031 169 1113 ΑΕΗ,
187 1031 298 1093 uertex
317 1030 426 1093 autem
444 1031 602 1111 punctum
620 1031 658 1092 Θ.
693 1027 817 1110 prisma
835 1032 953 1110 aulem,
972 1027 1063 1092 euius

58 1132 140 1199 ¹lusis
161 1137 211 1200 est
231 1132 577 1219 parallelogrammum
600 1136 748 1215 ΕΒΖΗ,
778 1134 807 1198 ei
831 1138 939 1199 autem
962 1155 1062 1220 oppo-

80 1238 121 1304 da
142 1245 229 1307 reeta
250 1243 332 1324 ΘΚ,
360 1240 495 1325 aequale
524 1243 573 1304 est
595 1239 758 1322 prismadi,
785 1241 877 1304 euius
899 1240 989 1306 basis
1012 1244 1064 1306 est

82 1345 233 1432 ldmgulus
252 1350 363 1432 ΗΖΓ,
382 1347 411 1412 ei
430 1351 539 1412 audem
558 1347 728 1431 oppesibus
746 1347 928 1432 triangulus
947 1352 1015 1413 ΘΚ
1019 1353 1050 1413 Λ
1056 1374 1064 1434 3

83 1455 193 1533 pyramis
208 1458 327 1538 autem,
346 1454 436 1519 euius
451 1453 539 1517 basis
555 1457 606 1517 est
618 1453 802 1537 triangulus
817 1458 932 1538 ΑΕΗ,
950 1459 1064 1519 uertex

86 1560 161 1624 sulem
182 1565 211 1626 Θ
232 1564 397 1645 punctum,
425 1559 569 1644 aequalis
593 1563 644 1625 est
665 1560 838 1645 pyramidi,
861 1560 951 1625 euius
974 1560 1063 1625 basis

88 1666 119 1727 sl
133 1667 307 1752 triangulus
329 1668 446 1749 ΘΚΛ,
474 1669 586 1731 uerbex
610 1669 719 1731 autem
744 1671 777 1730 A
799 1669 963 1750 punebum.
1005 1666 1065 1730 ida·

91 1786 126 1849 yle
138 1771 194 1837 duo
212 1773 272 1838 illa
288 1772 458 1857 prismaba,
479 1794 560 1857 quae
578 1772 827 1856 nominauimus,
846 1771 970 1835 maiora
989 1774 1065 1836 sunl

88 1868 177 1944 duabus
195 1878 426 1965 pyramidibus,
449 1900 530 1962 quas
548 1878 799 1961 nominauimus,
819 1899 955 1961 quarum
969 1878 1065 1943 bases

87 1985 138 2046 mul
147 1986 300 2071 trianguli
309 1988 429 2069 ΑΕΗ,
438 1988 554 2069 ΘΚΛ,
569 1986 707 2050 uertices
723 1988 832 2050 autem
846 1987 967 2068 puncta
976 1987 1013 2067 Θ,
1025 1988 1066 2047 Δ.

39 2132 42 2187 5
129 2087 206 2178 llrgo
224 2094 297 2157 leba
314 2092 467 2176 pyramis,
485 2092 575 2157 euius
590 2093 679 2157 basis
694 2095 744 2156 est
757 2092 862 2154 ΑΒΓ
870 2089 1066 2176 iriangulus,

39 2194 41 2203 '
84 2196 167 2260 leder
188 2201 298 2264 audem
319 2200 476 2279 punebum
494 2200 541 2281 A,
563 2196 599 2261 in
621 2197 701 2262 duas
725 2196 909 2282 pyramides
927 2197 1012 2262 inber
1031 2221 1066 2264 se

84 2304 203 2381 munla·
233 2304 340 2368 diuisa
367 2307 418 2368 esi
445 2307 478 2368 et
504 2305 539 2368 in
566 2303 629 2369 duo
657 2304 815 2388 prismata
843 2305 1005 2390 aequalia,
1032 2309 1066 2369 et

82 2393 125 2465 du0
148 2413 301 2495 prismata
328 2410 454 2475 maiora
480 2415 556 2475 suni
584 2410 716 2476 dimidio
743 2411 846 2477 botius
874 2412 1066 2496 pyramidis,

80 2513 232 2584 quoderat
254 2516 551 2582 demonstrandum.

534 2746 592 2812 IV.

125 2867 214 2938 Dabis
239 2871 365 2936 duabus
387 2870 611 2955 pyramidibus
636 2871 695 2936 sub
720 2871 831 2936 eadem
849 2871 1019 2935 altitudine
1035 2874 1067 2934 ed

63 2947 151 3079 bfffles
173 2977 355 3062 triangulas
378 2977 576 3078 habentibus
600 2976 628 3041 si
651 2980 788 3061 utraque
812 2978 847 3040 in
870 2977 948 3042 duas
971 2999 1067 3060 pyra-

57 3075 157 3149 11lldes
184 3084 269 3150 inber
297 3105 330 3148 se
358 3083 507 3167 aequales
534 3083 659 3167 dedique
688 3083 811 3148 similes
839 3088 872 3148 et
899 3083 962 3148 duo
985 3084 1067 3167 pris-

53 3178 148 3254 mflda
174 3189 321 3275 aequalia
349 3188 516 3272 diuiditur,
547 3189 608 3253 erit
634 3193 672 3254 ub
698 3190 786 3254 basis
815 3189 950 3254 alterius
974 3211 1068 3272 pyra-

50 3299 480 3342 L—

48 3370 245 3515 do'pdisimloe]
266 3402 367 3524 {Baorn
387 3415 422 3452 ex
440 3399 457 3467 β
474 3398 509 3452 V.
614 3405 656 3452 23.
677 3393 741 3469 ἐάν]
762 3417 810 3451 -αν
829 3401 929 3467 postea
947 3398 1011 3452 add.
1031 3417 1067 3454 m.

122 3508 127 3520 .
193 3487 260 3530 ωσιν
303 3513 309 3525 .
