2340 3818
99 124 119 187 6
469 122 671 176 ΣΤΟΙΧΕΙΩΝ
690 117 740 175 ια’.

167 268 219 345 ιζ’.
257 262 479 350 Διάμετρος
508 261 549 330 ὀὶ
577 266 644 349 τῇς
671 268 841 349 σφαίρας
874 262 965 330 ἐστὶν
993 261 1112 330 εὐθείά

99 396 149 449 τις
181 368 237 437 ὀιά
270 373 332 437 τοῦ
368 370 508 454 κέντρου
544 367 671 456 ῇγμένη
704 369 759 435 καὶ
792 371 1020 455 περατουμένη
1055 366 1110 455 ἐφ’

101 477 238 563 έκάτερα
261 473 301 543 τὰ
325 477 406 563 μέρη
431 473 497 543 ὑπὸ
521 479 580 561 τῇς
598 477 793 561 ἐπιφανείας
817 479 875 561 τῇς
898 480 1050 561 σφαίρας.

146 582 203 669 ιη’.
235 581 374 660 Κώνός
398 584 499 667 ἐστιν,
525 582 607 648 ὅταν
630 580 846 668 ὀρθογωνίου
868 580 1035 668 τριγώνου
1059 607 1114 667 με-

68 691 227 775 σνοώσης
246 679 336 775 Ιμιάς
368 692 512 773 πλευρᾶς
543 699 611 755 τῶν
642 689 717 776 περὶ
749 686 810 775 τὴν
842 685 953 774 ὀρθῇν
985 692 1114 774 γωνίαν

100 793 316 881 περιενεχθὲν
340 793 377 862 τὸ
402 800 568 882 τρίγωνον
592 799 639 873 είς
662 793 699 861 τὸ
724 790 806 862 αάτό
831 793 932 861 πόλιν
951 791 1115 861 ἀποκατα-

101 905 226 989 σταθῇ,
250 898 334 968 ὀθεν
357 897 477 986 ῇρξατο
497 901 676 988 φέρεσθαι,
699 899 735 968 τὸ
762 899 971 986 περιληφθὲν
995 904 1115 986 σχῇμα.

100 1003 165 1074 κάν
189 1005 250 1092 μέν
272 1003 293 1092 ἡ
318 1007 466 1092 μένουσα
489 1004 607 1077 εὐθεῖα
635 1016 690 1092 ίση
714 999 735 1095 ῇ
759 1010 798 1094 τῇ
823 1010 921 1094 λοιπῇ
946 1010 1013 1094 [τῇ]
1037 1005 1115 1094 περὶ

101 1110 163 1198 την
182 1109 293 1198 ὀρθὴν
307 1115 567 1201 περιφερομένῃ,
588 1114 840 1201 ὀρθογώνιος
857 1117 946 1180 ἔσται
961 1109 979 1179 ὁ
994 1116 1115 1197 κώνος,

50 1237 83 1286 10
102 1216 162 1287 ἐὰν
199 1217 236 1286 ὀὶ
273 1217 432 1305 ἐλάττων,
475 1217 771 1305 ἀμβλυγώνιος,
813 1216 872 1287 ἐὰν
910 1217 947 1286 ὀὶ
984 1224 1114 1304 μείζων,

102 1321 328 1410 ὀξυγώνιος.
762 1322 771 1337 ⁴

168 1428 230 1496 ιθ’.
244 1427 366 1509 ’Ἁξων
385 1428 427 1497 δέ
444 1433 514 1497 τοῦ
532 1431 662 1499 κώνου
682 1430 772 1498 ἐστὶν
787 1428 807 1516 ῇ
822 1433 969 1516 μένουσα
984 1429 1113 1519 εόθεία,

101 1536 176 1623 περὶ
199 1532 243 1622 ῇν
265 1535 302 1603 τὸ
326 1541 493 1623 τρίγωνον
517 1538 699 1623 στρέφεται.

167 1640 210 1707 κ’.
242 1641 364 1722 Βάσις
392 1641 429 1710 δὲ
453 1640 471 1710 ὀ
495 1643 616 1722 κύκλος
639 1640 657 1710 ὀ
680 1640 746 1711 ὑπὸ
770 1647 828 1729 τῇς
850 1646 1115 1733 περιφερομένης

50 1764 82 1813 15
102 1743 237 1826 εὐθείας
259 1747 479 1836 γραφόμενος.

166 1855 233 1922 κα’·.
267 1856 494 1941 Κύλινδρός
517 1856 618 1940 ἐστιν,
646 1853 727 1923 όταν
751 1853 967 1943 ὀρθογωνίου
989 1864 1115 1944 παραλ-

100 1959 340 2048 ληλογράμμου
370 1960 537 2047 μενούσης
568 1965 646 2047 μιᾶς
676 1966 821 2051 πλευρᾶς
851 1967 919 2032 τών
948 1963 1022 2050 περὶ
1050 1963 1115 2049 τὴν

102 2062 213 2152 ὀρθὴν
236 2072 365 2151 γωνίαν
388 2065 604 2152 περιενεχθὲν
634 2066 671 2135 τὸ
695 2070 1043 2158 παραλληλόγραμμον
1065 2073 1115 2149 είς

100 2169 139 2237 τό
164 2168 246 2237 αὐτὸ
271 2172 373 2239 πάλιν
391 2169 664 2262 ἀποκατασταθῇ,
689 2171 772 2242 ὅθεν
795 2173 916 2262 ῇρξατο
936 2179 1113 2262 φέρεσθαι,

49 2296 82 2344 20
101 2273 139 2343 τὸ
162 2276 371 2364 περιληφθὲν
395 2281 512 2365 σχῇμα.

168 2381 233 2468 κβ’.
256 2380 377 2462 ’Ἁξων
401 2383 443 2450 δὲ
470 2387 541 2451 τοῦ
565 2390 784 2474 κυλίνόρου
808 2387 897 2454 ἐστὶν
920 2384 941 2472 ῇ
965 2389 1114 2473 μένουσα

101 2486 232 2574 εὐθεῖα,
255 2488 329 2574 περὶ
353 2485 397 2574 ῇν
419 2489 457 2557 τό
481 2491 827 2579 παραλληλόγραμμον
849 2494 1032 2579 στρέφεται.

167 2593 232 2680 κγ’.
265 2596 408 2675 Βάσεις
431 2595 468 2663 δὲ
492 2600 527 2664 οί
546 2598 662 2664 κύκλοι
686 2600 721 2663 οί
737 2595 801 2665 ὑπὸ
820 2602 887 2666 τών
911 2597 1113 2667 ἀπεναντίον

101 2701 351 2788 περιαγομένων
376 2701 438 2769 δύο
462 2706 616 2789 πλευρών
638 2702 855 2789 γραφόμενοι.

48 2823 82 2872 25
167 2809 231 2874 κδ’.
255 2803 407 2893 Ὅμοιοι
430 2812 551 2875 κώνοι
574 2808 637 2875 καί
661 2808 876 2894 κύλινδροί
891 2813 987 2895 εἰσιν,
1011 2801 1059 2877 ών
1079 2814 1117 2878 οἵ

101 2938 136 2980 τε
154 2911 270 2994 ἄξονες
287 2914 343 2980 καὶ
362 2916 399 2980 αἱ
416 2913 586 3001 διάμετροι
605 2918 672 2981 τών
686 2915 817 2999 βάσεων
832 2913 1002 3002 ἀνάλογόν
1016 2900 1114 2985 εἰσιν..

102 3045 313 3053 ————ae—

147 3094 215 3214 5018.
234 3089 309 3145 Hero
329 3088 382 3144 def.
403 3094 446 3157 84,
466 3094 490 3144 2.
563 3095 677 3146 21-23.
696 3089 733 3147 ib.
754 3098 795 3147 96,
871 3099 981 3148 18-23.
1001 3092 1112 3147 Psellus

100 3179 127 3230 p.
184 3201 189 3213 .

174 3308 197 3357 1.
212 3299 347 3383 σφαίρας]
362 3317 389 3353 τ·
403 3316 552 3368 suprascr.
566 3319 601 3355 m.
618 3309 632 3356 1
648 3302 697 3386 Ρ.ο
732 3309 758 3358 3.
765 3299 888 3429 τάῇοτω.
903 3305 941 3388 b’.
986 3302 1066 3373 μέρει
1080 3324 1112 3372 φ.

155 3378 412 3440 Met-mmm.
429 3377 442 3425 1
457 3371 489 3425 Β.
552 3376 793 3443 ὀ.πλευραςμιας
835 3416 840 3427 .
904 3375 972 3445 των]
994 3392 1063 3429 corr.
1078 3392 1114 3430 ex

100 3444 151 3495 ταώ
163 3443 276 3495 mlb.
332 3436 437 3513 ὀρθήν]
458 3460 510 3497 om.
524 3442 586 3509 Vb,
606 3464 634 3498 -ν
648 3460 728 3500 euan.
742 3443 771 3499 F.
836 3447 925 3513 γωνία
939 3466 970 3514 φ.
1026 3450 1050 3500 8.
1066 3445 1113 3516 τη]
