2340 3818
104 130 172 194 230
473 132 674 185 mommsen
693 127 745 204 ιγ’.

101 277 234 361 σφαίρᾳ,
254 271 376 354 κύκλος
405 273 424 342 ὃ
446 280 593 360 ΒΓΔΕ,
621 276 659 343 ἐν
686 272 724 342 θλ
746 277 787 362 τῇ
810 272 969 342 ἐλάσσονι
992 274 1118 363 σφαίρᾳ

99 377 222 458 κύκλος
248 377 267 448 ὁ
291 387 407 465 ΖΗΘ,
435 379 492 447 καὶ
519 378 682 466 ἤχθωσαν
710 377 825 449 αὐτῶν
853 377 917 447 δύο
945 377 1118 464 διάμετροι

84 483 184 572 κκρὸς
212 484 321 574 ὀρθάς
348 485 508 574 ἀλλήλαις
536 490 574 555 αλ
598 494 678 572 ΒΔ,
706 491 783 573 ΓΕ,
809 485 866 554 καί
894 483 959 553 δύο
985 483 1118 553 κύκλων

99 590 175 679 κερί
201 590 240 660 τὸ
269 589 352 662 αὐτὸ
380 594 520 682 κέντρον
549 591 658 661 ὄντων
681 594 749 661 τῶν
772 597 920 675 ΒΓΔΕ,
948 595 1052 657 ΖΗΘ
1073 593 1120 669 είς

65 718 81 767 5
99 695 159 765 τὸν
178 703 313 784 μείζονα
330 697 456 768 κύκλον
473 696 535 768 τὸν
549 704 683 766 ΒΓΔΕ
699 695 898 783 πολύγωνον
916 694 1120 783 ίσόκλενρον

99 802 155 870 καί
174 799 417 893 ἀρτιόπλευρον
436 804 657 892 ἐγγεγράφθω
677 802 722 891 μὴ
736 807 850 885 ψαῦον
862 813 923 872 τοῦ
937 802 1120 882 ἐλάσσονος

100 908 226 978 κύκλον
257 913 318 978 τοῦ
347 916 461 997 ΖΗΘ,
485 903 539 981 ὀύ
570 910 712 998 πλευραὶ
739 915 888 979 ἔστωσαν
916 912 953 979 ἐν
980 918 1027 1002 τῷ
1055 916 1122 976 BE

100 1022 344 1108 τεταρτημορίῳ
364 1019 402 1084 αί
412 1023 496 1103 ΒΚ,
510 1024 591 1105 ΚΛ,
607 1023 638 1085 Λ
646 1023 701 1103 Μ,
715 1024 759 1086 Μ
759 1024 804 1100 Ε,
818 1017 874 1084 καί
889 1018 1120 1104 ἐπιζευχθεῖσα

99 1118 201 1207 ἡΚΑ
223 1123 353 1210 διήχθω
377 1123 430 1192 ἐπὶ
453 1121 490 1192 τὸ
506 1131 551 1210 Ν,
575 1124 631 1192 καί
654 1122 822 1192 ἀνεστάτω
847 1118 912 1191 άκὸ
932 1124 994 1190 τοῦ
1009 1130 1042 1189 Α
1061 1140 1119 1208 ση-

48 1249 81 1300 10
100 1232 196 1312 μείου
222 1232 269 1321 τῷ
297 1232 358 1297 τού
381 1235 516 1298 ΒΓΔΕ
539 1229 667 1299 κύκλου
690 1231 833 1322 ἐκικίὸῳ
859 1227 943 1317 πρὸς
966 1227 1077 1317 ὀρθάς
1099 1228 1119 1315 ἡ

170 1463 195 1512 2.
214 1453 327 1530 κύκλος]
346 1457 390 1514 bis
408 1458 439 1529 P,
458 1476 527 1516 corr.
546 1478 582 1515 m.
602 1466 627 1515 2.
719 1455 785 1532 δύο]
805 1476 859 1515 om.
879 1477 905 1529 q.
996 1465 1023 1515 3.
1043 1464 1115 1527 ΒΔ,

101 1529 171 1602 ΓΕ]
196 1535 222 1585 Δ
240 1533 270 1585 et
289 1534 346 1585 Γο
365 1547 435 1587 corr.
453 1529 493 1599 V;
516 1535 577 1598 ΒΓ,
597 1533 653 1585 ΔΕ
671 1531 703 1586 Β.
812 1537 837 1587 6.
856 1549 886 1587 τε
906 1531 959 1586 καί
973 1530 1007 1586 V.

101 1600 333 1674 mfflmsp
