2340 3818
318 129 593 182 ELEMENTORUM
611 132 720 181 LIBER
738 132 812 181 ΧΙΙΙ.
1015 129 1080 193 327

16 299 26 315 ·
129 273 195 336 iam
219 273 305 359 dico,
332 274 419 338 latus
447 273 637 338 dodeeaedri
660 273 884 338 irrationalem
910 297 979 339 esse
1004 298 1082 358 apo-

58 383 173 444 tomen
196 401 277 464 quae
301 385 445 446 uoeatur.
494 403 572 445 nam
603 382 759 465 quoniam
782 385 844 446 ΡΟ
872 381 977 446 maior
1003 404 1080 465 pars

58 489 113 550 est
137 489 244 552 rectae
267 491 307 552 N
310 491 338 551 0
362 489 538 553 secundum
561 488 722 553 rationem
752 491 931 552 extremam
955 509 990 552 ao
1014 511 1080 552 me-

62 592 150 655 diam
179 593 318 677 diuisae,
346 598 379 658 et
408 599 476 658 ΟΣ
501 596 607 660 maior
634 617 711 678 pars
740 599 790 659 est
818 598 925 660 reatae
950 593 1013 668 ΟΞ
1034 617 1081 658 se-

60 698 203 762 eundum
230 700 392 765 rationem
422 705 599 766 extremam
629 724 666 766 ao
690 701 829 767 mediam
854 702 988 786 diuisae,
1017 706 1083 766 ΡΣ

61 806 167 870 maior
194 829 270 891 pars
299 812 349 873 est
372 810 473 873 totius
502 812 608 873 rectae
632 807 701 883 ΝΞ
722 808 897 873 seeundum
920 808 1081 872 rationem

60 916 240 978 extremam
269 937 306 980 ao
333 915 474 980 mediam
502 916 635 980 diuisae.
687 915 840 999 quoniam
870 912 988 1001 enim1)
1012 919 1051 978 N
1054 918 1082 977 0

60 1022 201 1083 :0P=
218 1024 299 1085 OP:
313 1025 392 1106 ΡΝ,
417 1023 516 1087 etiam
536 1023 634 1106 dupla
653 1022 787 1087 eandem
806 1023 965 1086 rationem
983 1021 1082 1085 habe-

61 1126 160 1210 bunt3
179 1149 257 1191 nam
276 1132 385 1211 partes
406 1128 540 1192 eandem
553 1128 714 1194 rationem
729 1128 852 1193 habent
868 1150 965 1211 quam
980 1149 1081 1212 aeque

62 1233 260 1319 multiplicia
276 1233 329 1319 [V‚
347 1234 410 1316 15].
434 1235 545 1318 itaque
562 1234 771 1308 ΝΞτΡΣ-τ
784 1239 849 1299 ΡΣ
856 1258 864 1298 :
875 1237 992 1314 ΝΡ-Ι-
1004 1234 1081 1306 ΣΞ.

63 1340 118 1404 sed
133 1343 172 1404 Ν
172 1340 203 1414 Ξ
214 1351 248 1414 >
263 1345 334 1406 ΡΣ.
364 1341 474 1424 itaque
489 1341 587 1405 etiam
601 1345 668 1406 ΡΣ
680 1351 714 1415 >
729 1345 797 1406 ΝΡ
809 1344 850 1423 †
866 1341 933 1414 ΣΞ
945 1340 1000 1424 [V‚
1017 1341 1081 1421 14].

63 1465 141 1530 ergo
160 1450 199 1510 Ν
200 1446 230 1520 Ξ
251 1447 425 1511 seeundum
444 1447 605 1512 rationem
625 1452 801 1512 extremam
822 1470 859 1513 ao
877 1447 1016 1511 mediam
1035 1447 1080 1511 di·

62 1552 135 1616 uisa
159 1556 217 1636 est,
242 1556 275 1617 et
297 1554 402 1618 maior
425 1576 501 1637 pars
526 1556 594 1619 eius
618 1559 669 1619 est
686 1559 757 1619 ΡΣ.
796 1554 852 1618 sed
875 1557 941 1618 ΡΣ
953 1584 994 1606 =
1013 1557 1081 1619 ΤΦ.

61 1658 173 1742 itaque
200 1662 264 1722 ΥΦ
291 1659 395 1724 maior
422 1682 499 1744 pars
528 1665 579 1728 est
605 1665 712 1726 reatae
736 1664 775 1725 N
777 1658 808 1732 Ξ
829 1659 1005 1724 seeundum
1029 1682 1080 1724 ra-

60 1764 185 1828 tionem
204 1769 382 1829 extremam
402 1787 439 1830 ao
459 1766 599 1831 mediam
618 1767 751 1832 diuisae.
788 1769 821 1829 et
840 1766 995 1849 quoniam
1014 1765 1080 1829 dia·

59 1874 184 1936 metrus
218 1873 374 1956 sphaerae
406 1873 576 1937 rationalis
611 1877 661 1937 est
691 1876 724 1936 et
750 1873 851 1936 latere
879 1871 954 1936 oubi
981 1871 1080 1954 triplo

59 1979 166 2042 maior
195 1984 245 2043 est
272 1979 434 2064 potentia,
462 1979 562 2043 etiam
585 1977 665 2063 ΝΞ,
694 2001 776 2064 quae
804 1978 891 2041 latus
920 1980 970 2040 est
997 1977 1081 2059 eubi,

58 2085 233 2149 rationalis
258 2088 316 2149 est.
354 2085 405 2150 sin
427 2088 517 2150 recta
535 2085 706 2150 rationalis
727 2084 902 2150 seeundum
920 2084 1080 2148 rationem

58 2195 241 2255 extremam
266 2213 303 2256 ao
326 2191 467 2256 mediam
491 2191 661 2277 diuiditur,
688 2195 825 2275 utraque
852 2212 929 2275 pars
952 2191 1080 2256 irratio-

56 2297 146 2362 nalis
175 2300 225 2361 est
252 2300 403 2382 apotome
428 2300 533 2382 [prop.
557 2297 629 2378 VH.
675 2317 752 2382 ergo
780 2302 858 2383 ro,
887 2320 969 2383 quae
992 2298 1079 2362 latus

56 2407 111 2468 est
135 2402 338 2489 dodeeaedri,
361 2405 561 2469 irrationalis
584 2409 635 2472 est
657 2408 818 2489 apotome.

135 2597 161 2663 1)
180 2595 323 2651 Uooabulo
343 2593 403 2651 οἷον
417 2597 466 2652 lin.
482 2602 497 2650 7
516 2595 628 2651 uidetur
646 2596 807 2666 signifioari‚
826 2598 932 2652 reetam
947 2598 979 2650 N
982 2595 1010 2654 Ξ
1022 2612 1079 2650 non

55 2667 174 2738 proprie
193 2667 345 2721 seeundum
364 2668 501 2722 rationem
521 2670 673 2722 extremam
688 2685 721 2723 ao
735 2667 857 2722 mediam
872 2666 992 2720 diuisam
1007 2683 1078 2732 esse,

57 2738 129 2806 quia
151 2755 216 2807 pars
240 2737 331 2793 minor
353 2756 387 2793 ax
406 2741 475 2807 NP,
502 2740 561 2798 ΣΞ
583 2737 715 2793 diiunctis
739 2737 894 2808 composita
912 2741 963 2793 est.
1001 2737 1077 2806 quod

56 2809 108 2863 hie
127 2826 227 2878 parum
246 2809 339 2878 refert,
359 2810 426 2879 quia
443 2810 549 2864 maiore
568 2813 648 2880 parte
668 2810 730 2864 sola
748 2810 861 2864 utimur.
891 2809 939 2863 sed
957 2808 1077 2863 fortasse

55 2883 139 2936 totus
162 2880 240 2935 loeus
265 2877 325 2935 οἷον
348 2881 396 2936 lin.
417 2886 432 2934 7
453 2912 486 2921 -
507 2877 583 2936 ἐστιν
606 2876 623 2948 ἡ
644 2884 697 2934 ΡΣ
718 2882 766 2935 lin.
788 2886 821 2934 14
845 2879 1003 2935 subditiuue
1027 2882 1076 2934 est.
