<?xml version="1.0" encoding="UTF-8"?>
<!DOCTYPE html PUBLIC "-//W3C//DTD XHTML 1.0 Transitional//EN"
    "http://www.w3.org/TR/xhtml1/DTD/xhtml1-transitional.dtd">
<html xmlns="http://www.w3.org/1999/xhtml" xml:lang="en" lang="en">
 <head>
  <title>
</title>
<meta http-equiv="Content-Type" content="text/html;charset=utf-8" />
  <meta name='ocr-system' content='tesseract 3.04.00' />
  <meta name='ocr-capabilities' content='ocr_page ocr_carea ocr_par ocr_line ocrx_word'/>
</head>
<body>
  <div class='ocr_page' id='page_1' title='image "./euclidisoperaom04unkngoog_0432.png"; bbox 0 0 2340 3818; ppageno 0'>
   <div class='ocr_carea' id='block_1_1' title="bbox 454 135 1076 201">
    <p class='ocr_par' dir='ltr' id='par_1_1' title="bbox 454 135 1076 201">
     <span class='ocr_line' id='line_1_1' title="bbox 454 135 1076 201; baseline 0.002 -15"><span class='ocrx_word' id='word_1_1' title='bbox 454 135 636 187; x_wconf 78' lang='lat' dir='ltr'><strong>APPENDIX</strong></span> <span class='ocrx_word' id='word_1_2' title='bbox 654 136 690 186; x_wconf 83' lang='lat'><em>11.</em></span> <span class='ocrx_word' id='word_1_3' title='bbox 1013 136 1076 201; x_wconf 82' lang='lat'><em>399</em></span> 
     </span>
    </p>
   </div>
   <div class='ocr_carea' id='block_1_2' title="bbox 62 274 1077 461">
    <p class='ocr_par' dir='ltr' id='par_1_2' title="bbox 62 274 1077 461">
     <span class='ocr_line' id='line_1_2' title="bbox 62 274 1077 365; baseline 0.003 -23"><span class='ocrx_word' id='word_1_4' title='bbox 62 282 198 342; x_wconf 85' lang='grc' dir='ltr'><em>ΑΒΓΔ</em></span> <span class='ocrx_word' id='word_1_5' title='bbox 225 275 370 360; x_wconf 80' lang='grc' dir='ltr'><em>πυραμὶς</em></span> <span class='ocrx_word' id='word_1_6' title='bbox 401 275 483 360; x_wconf 85' lang='grc' dir='ltr'><em>πρὸς</em></span> <span class='ocrx_word' id='word_1_7' title='bbox 516 274 578 360; x_wconf 84' lang='grc' dir='ltr'><em>τήν</em></span> <span class='ocrx_word' id='word_1_8' title='bbox 607 279 753 352; x_wconf 74' lang='grc' dir='ltr'><em>ΜΝΞΟ</em></span> <span class='ocrx_word' id='word_1_9' title='bbox 779 282 962 364; x_wconf 78' lang='grc' dir='ltr'><em>πυραμίδα·</em></span> <span class='ocrx_word' id='word_1_10' title='bbox 996 278 1077 365; x_wconf 82' lang='grc' dir='ltr'><em>ὅπερ</em></span> 
     </span>
     <span class='ocr_line' id='line_1_3' title="bbox 62 383 269 461; baseline -0.005 -13"><span class='ocrx_word' id='word_1_11' title='bbox 62 385 131 448; x_wconf 81' lang='grc' dir='ltr'><em>ἔδει</em></span> <span class='ocrx_word' id='word_1_12' title='bbox 155 383 269 461; x_wconf 85' lang='grc' dir='ltr'><em>δεῖξαι.</em></span> 
     </span>
    </p>
   </div>
   <div class='ocr_carea' id='block_1_3' title="bbox 60 596 1111 2380">
    <p class='ocr_par' dir='ltr' id='par_1_3' title="bbox 61 596 1111 788">
     <span class='ocr_line' id='line_1_4' title="bbox 130 596 1111 682; baseline 0.003 -24"><span class='ocrx_word' id='word_1_13' title='bbox 130 596 208 660; x_wconf 83' lang='grc' dir='ltr'><em>Πάν</em></span> <span class='ocrx_word' id='word_1_14' title='bbox 222 598 347 679; x_wconf 78' lang='grc' dir='ltr'><strong><em>πρίσμα</em></strong></span> <span class='ocrx_word' id='word_1_15' title='bbox 361 599 527 681; x_wconf 91' lang='grc' dir='ltr'><em>τρίγωνον</em></span> <span class='ocrx_word' id='word_1_16' title='bbox 543 598 619 681; x_wconf 79' lang='grc' dir='ltr'><em>ἔχον</em></span> <span class='ocrx_word' id='word_1_17' title='bbox 634 596 734 680; x_wconf 98' lang='grc' dir='ltr'><em>βάσιν</em></span> <span class='ocrx_word' id='word_1_18' title='bbox 747 599 923 682; x_wconf 73' lang='grc' dir='ltr'><em>διαιρεῖται</em></span> <span class='ocrx_word' id='word_1_19' title='bbox 935 599 982 674; x_wconf 86' lang='grc' dir='ltr'><em>είς</em></span> <span class='ocrx_word' id='word_1_20' title='bbox 990 608 1078 681; x_wconf 88' lang='grc' dir='ltr'><em>τρεῖς</em></span> <span class='ocrx_word' id='word_1_21' title='bbox 1096 613 1111 661; x_wconf 88' lang='grc'>6</span> 
     </span>
     <span class='ocr_line' id='line_1_5' title="bbox 61 698 1043 788; baseline 0.005 -23"><span class='ocrx_word' id='word_1_22' title='bbox 61 703 252 786; x_wconf 76' lang='grc' dir='ltr'><em>πυραμίδας</em></span> <span class='ocrx_word' id='word_1_23' title='bbox 275 707 348 779; x_wconf 94' lang='grc' dir='ltr'><em>ἴσας</em></span> <span class='ocrx_word' id='word_1_24' title='bbox 371 698 530 788; x_wconf 75' lang='grc' dir='ltr'><em>ἀλλήλαις</em></span> <span class='ocrx_word' id='word_1_25' title='bbox 552 703 737 787; x_wconf 77' lang='grc' dir='ltr'><em>τριγώνους</em></span> <span class='ocrx_word' id='word_1_26' title='bbox 759 701 872 788; x_wconf 80' lang='grc' dir='ltr'><em>βάσεις</em></span> <span class='ocrx_word' id='word_1_27' title='bbox 896 700 1043 788; x_wconf 83' lang='grc' dir='ltr'><em>ἐχούσας.</em></span> 
     </span>
    </p>

    <p class='ocr_par' dir='ltr' id='par_1_4' title="bbox 60 805 1077 2380">
     <span class='ocr_line' id='line_1_6' title="bbox 131 805 1076 896; baseline 0.003 -24"><span class='ocrx_word' id='word_1_28' title='bbox 131 811 213 873; x_wconf 87' lang='grc' dir='ltr'><em>ἴστω</em></span> <span class='ocrx_word' id='word_1_29' title='bbox 241 811 367 893; x_wconf 80' lang='grc' dir='ltr'><em>πρίσμα</em></span> <span class='ocrx_word' id='word_1_30' title='bbox 395 805 433 874; x_wconf 87' lang='grc' dir='ltr'><em>τὸ</em></span> <span class='ocrx_word' id='word_1_31' title='bbox 458 814 658 876; x_wconf 84' lang='grc' dir='ltr'><em>ΑΒΓΔΕΖ</em></span> <span class='ocrx_word' id='word_1_32' title='bbox 680 813 847 896; x_wconf 90' lang='grc' dir='ltr'><em>τρίγωνον</em></span> <span class='ocrx_word' id='word_1_33' title='bbox 871 813 947 895; x_wconf 83' lang='grc' dir='ltr'><em>ε”χον</em></span> <span class='ocrx_word' id='word_1_34' title='bbox 977 809 1076 893; x_wconf 90' lang='grc' dir='ltr'><em>βάσιν</em></span> 
     </span>
     <span class='ocr_line' id='line_1_7' title="bbox 60 910 1076 1001; baseline 0.002 -23"><span class='ocrx_word' id='word_1_35' title='bbox 60 910 124 997; x_wconf 83' lang='grc' dir='ltr'><em>τήν</em></span> <span class='ocrx_word' id='word_1_36' title='bbox 143 918 252 979; x_wconf 91' lang='grc' dir='ltr'><em>ΓΖΔ.</em></span> <span class='ocrx_word' id='word_1_37' title='bbox 289 914 391 998; x_wconf 84' lang='grc' dir='ltr'><em>λέγω,</em></span> <span class='ocrx_word' id='word_1_38' title='bbox 411 912 518 981; x_wconf 81' lang='grc' dir='ltr'><em>ὅτιτὸ</em></span> <span class='ocrx_word' id='word_1_39' title='bbox 538 920 738 981; x_wconf 84' lang='grc' dir='ltr'><em>ΑΒΓΔΕΖ</em></span> <span class='ocrx_word' id='word_1_40' title='bbox 755 920 881 1001; x_wconf 91' lang='grc' dir='ltr'><em>πρίσμα</em></span> <span class='ocrx_word' id='word_1_41' title='bbox 901 918 1076 1000; x_wconf 79' lang='grc' dir='ltr'><em>διαιρεῖται</em></span> 
     </span>
     <span class='ocr_line' id='line_1_8' title="bbox 63 1010 1077 1108; baseline 0.002 -24"><span class='ocrx_word' id='word_1_42' title='bbox 63 1022 111 1096; x_wconf 87' lang='grc' dir='ltr'><em>είς</em></span> <span class='ocrx_word' id='word_1_43' title='bbox 138 1031 225 1104; x_wconf 89' lang='grc' dir='ltr'><em>τρεῖς</em></span> <span class='ocrx_word' id='word_1_44' title='bbox 251 1024 442 1105; x_wconf 89' lang='grc' dir='ltr'><em>πυραμίδας</em></span> <span class='ocrx_word' id='word_1_45' title='bbox 469 1029 543 1100; x_wconf 89' lang='grc' dir='ltr'><em>ἴσας</em></span> <span class='ocrx_word' id='word_1_46' title='bbox 570 1017 728 1106; x_wconf 87' lang='grc' dir='ltr'><em>ἀλλήλαις</em></span> <span class='ocrx_word' id='word_1_47' title='bbox 755 1019 940 1108; x_wconf 74' lang='grc' dir='ltr'><em>τριγώνους</em></span> <span class='ocrx_word' id='word_1_48' title='bbox 963 1010 1077 1105; x_wconf 87' lang='grc' dir='ltr'><em>βάσεις</em></span> 
     </span>
     <span class='ocr_line' id='line_1_9' title="bbox 62 1121 1075 1213; baseline 0.003 -22"><span class='ocrx_word' id='word_1_49' title='bbox 62 1122 211 1210; x_wconf 84' lang='grc' dir='ltr'><em>ἐχούσας.</em></span> <span class='ocrx_word' id='word_1_50' title='bbox 266 1124 518 1211; x_wconf 77' lang='grc' dir='ltr'><em>ἐπεζεύχθωσαν</em></span> <span class='ocrx_word' id='word_1_51' title='bbox 548 1129 612 1213; x_wconf 83' lang='grc' dir='ltr'><em>γὰρ</em></span> <span class='ocrx_word' id='word_1_52' title='bbox 646 1130 683 1193; x_wconf 90' lang='grc' dir='ltr'><em>αί</em></span> <span class='ocrx_word' id='word_1_53' title='bbox 709 1134 792 1211; x_wconf 93' lang='grc' dir='ltr'><em>ΒΔ,</em></span> <span class='ocrx_word' id='word_1_54' title='bbox 825 1133 901 1211; x_wconf 93' lang='grc' dir='ltr'><em>ΒΖ,</em></span> <span class='ocrx_word' id='word_1_55' title='bbox 935 1134 1004 1195; x_wconf 89' lang='grc' dir='ltr'><em>ΖΕ.</em></span> <span class='ocrx_word' id='word_1_56' title='bbox 1054 1121 1075 1212; x_wconf 79' lang='grc' dir='ltr'><em>ἡ</em></span> 
     </span>
     <span class='ocr_line' id='line_1_10' title="bbox 61 1223 1076 1320; baseline 0.002 -23"><span class='ocrx_word' id='word_1_57' title='bbox 61 1227 128 1316; x_wconf 85' lang='grc' dir='ltr'><em>ἀρα</em></span> <span class='ocrx_word' id='word_1_58' title='bbox 154 1236 313 1317; x_wconf 88' lang='grc' dir='ltr'><em>πυραμίς,</em></span> <span class='ocrx_word' id='word_1_59' title='bbox 341 1223 381 1317; x_wconf 80' lang='grc' dir='ltr'><em>ἧς</em></span> <span class='ocrx_word' id='word_1_60' title='bbox 408 1231 506 1317; x_wconf 91' lang='grc' dir='ltr'><em>βάσις</em></span> <span class='ocrx_word' id='word_1_61' title='bbox 533 1233 595 1320; x_wconf 78' lang='grc' dir='ltr'><em>μέν</em></span> <span class='ocrx_word' id='word_1_62' title='bbox 623 1235 690 1301; x_wconf 81' lang='grc' dir='ltr'><em>ἐστι</em></span> <span class='ocrx_word' id='word_1_63' title='bbox 713 1234 751 1302; x_wconf 93' lang='grc' dir='ltr'><em>τὸ</em></span> <span class='ocrx_word' id='word_1_64' title='bbox 775 1240 876 1301; x_wconf 95' lang='grc' dir='ltr'><em>ΓΒΔ</em></span> <span class='ocrx_word' id='word_1_65' title='bbox 898 1237 1076 1319; x_wconf 87' lang='grc' dir='ltr'><em>τρίγωνον,</em></span> 
     </span>
     <span class='ocr_line' id='line_1_11' title="bbox 60 1336 1075 1428; baseline 0.001 -25"><span class='ocrx_word' id='word_1_66' title='bbox 60 1336 194 1424; x_wconf 81' lang='grc' dir='ltr'><em>κορυφή</em></span> <span class='ocrx_word' id='word_1_67' title='bbox 223 1336 261 1405; x_wconf 73' lang='grc' dir='ltr'><em>δὲ</em></span> <span class='ocrx_word' id='word_1_68' title='bbox 287 1336 326 1405; x_wconf 86' lang='grc' dir='ltr'><em>τὸ</em></span> <span class='ocrx_word' id='word_1_69' title='bbox 356 1344 383 1404; x_wconf 92' lang='grc' dir='ltr'><em>Ζ</em></span> <span class='ocrx_word' id='word_1_70' title='bbox 411 1353 565 1425; x_wconf 91' lang='grc' dir='ltr'><em>σημεῖον,</em></span> <span class='ocrx_word' id='word_1_71' title='bbox 599 1348 654 1426; x_wconf 90' lang='grc' dir='ltr'><em>ἴση</em></span> <span class='ocrx_word' id='word_1_72' title='bbox 682 1340 750 1408; x_wconf 78' lang='grc' dir='ltr'><em>ἐστὶ</em></span> <span class='ocrx_word' id='word_1_73' title='bbox 777 1344 817 1428; x_wconf 83' lang='grc' dir='ltr'><em>τή</em></span> <span class='ocrx_word' id='word_1_74' title='bbox 845 1343 1009 1426; x_wconf 91' lang='grc' dir='ltr'><em>πυραμίδι</em></span> <span class='ocrx_word' id='word_1_75' title='bbox 1035 1342 1075 1425; x_wconf 77' lang='grc' dir='ltr'><em>τῇ</em></span> 
     </span>
     <span class='ocr_line' id='line_1_12' title="bbox 61 1441 1075 1533; baseline 0.002 -24"><span class='ocrx_word' id='word_1_76' title='bbox 61 1441 163 1526; x_wconf 91' lang='grc' dir='ltr'><em>βάσιν</em></span> <span class='ocrx_word' id='word_1_77' title='bbox 187 1443 248 1529; x_wconf 73' lang='grc' dir='ltr'><em>μὲν</em></span> <span class='ocrx_word' id='word_1_78' title='bbox 272 1446 392 1533; x_wconf 82' lang='grc' dir='ltr'><em>ἐχοάση</em></span> <span class='ocrx_word' id='word_1_79' title='bbox 415 1444 454 1513; x_wconf 85' lang='grc' dir='ltr'><em>τό</em></span> <span class='ocrx_word' id='word_1_80' title='bbox 474 1453 578 1512; x_wconf 88' lang='grc' dir='ltr'><em>ΒΔΕ</em></span> <span class='ocrx_word' id='word_1_81' title='bbox 598 1452 775 1532; x_wconf 87' lang='grc' dir='ltr'><em>τρίγωνον,</em></span> <span class='ocrx_word' id='word_1_82' title='bbox 798 1444 953 1533; x_wconf 82' lang='grc' dir='ltr'><em>κορυφήν</em></span> <span class='ocrx_word' id='word_1_83' title='bbox 977 1445 1015 1512; x_wconf 74' lang='grc' dir='ltr'><em>δὲ</em></span> <span class='ocrx_word' id='word_1_84' title='bbox 1037 1442 1075 1511; x_wconf 87' lang='grc' dir='ltr'><em>τὸ</em></span> 
     </span>
     <span class='ocr_line' id='line_1_13' title="bbox 62 1551 1075 1640; baseline 0.003 -25"><span class='ocrx_word' id='word_1_85' title='bbox 62 1555 89 1614; x_wconf 91' lang='grc' dir='ltr'><em>Ζ</em></span> <span class='ocrx_word' id='word_1_86' title='bbox 114 1563 263 1636; x_wconf 89' lang='grc' dir='ltr'><em>σημεῖον,</em></span> <span class='ocrx_word' id='word_1_87' title='bbox 288 1559 343 1636; x_wconf 92' lang='grc' dir='ltr'><em>ἴση</em></span> <span class='ocrx_word' id='word_1_88' title='bbox 368 1551 436 1618; x_wconf 80' lang='grc' dir='ltr'><em>ἐστὶ</em></span> <span class='ocrx_word' id='word_1_89' title='bbox 454 1556 495 1640; x_wconf 85' lang='grc' dir='ltr'><em>τή</em></span> <span class='ocrx_word' id='word_1_90' title='bbox 514 1557 676 1638; x_wconf 89' lang='grc' dir='ltr'><em>πυραμίδι</em></span> <span class='ocrx_word' id='word_1_91' title='bbox 694 1556 734 1639; x_wconf 81' lang='grc' dir='ltr'><em>τῇ</em></span> <span class='ocrx_word' id='word_1_92' title='bbox 753 1552 854 1637; x_wconf 91' lang='grc' dir='ltr'><em>βάσιν</em></span> <span class='ocrx_word' id='word_1_93' title='bbox 873 1551 935 1638; x_wconf 74' lang='grc' dir='ltr'><em>μὲν</em></span> <span class='ocrx_word' id='word_1_94' title='bbox 954 1551 1075 1638; x_wconf 84' lang='grc' dir='ltr'><em>ε’χοάση</em></span> 
     </span>
     <span class='ocr_line' id='line_1_14' title="bbox 61 1652 1076 1743; baseline 0.002 -23"><span class='ocrx_word' id='word_1_95' title='bbox 61 1652 99 1721; x_wconf 89' lang='grc' dir='ltr'><em>τὸ</em></span> <span class='ocrx_word' id='word_1_96' title='bbox 123 1661 223 1721; x_wconf 89' lang='grc' dir='ltr'><em>ΑΕΖ</em></span> <span class='ocrx_word' id='word_1_97' title='bbox 244 1661 422 1741; x_wconf 86' lang='grc' dir='ltr'><em>τρίγωνον,</em></span> <span class='ocrx_word' id='word_1_98' title='bbox 445 1656 600 1743; x_wconf 79' lang='grc' dir='ltr'><em>κορυφὴν</em></span> <span class='ocrx_word' id='word_1_99' title='bbox 624 1656 662 1724; x_wconf 74' lang='grc' dir='ltr'><em>δὲ</em></span> <span class='ocrx_word' id='word_1_100' title='bbox 683 1656 721 1725; x_wconf 88' lang='grc' dir='ltr'><em>τὸ</em></span> <span class='ocrx_word' id='word_1_101' title='bbox 741 1664 769 1723; x_wconf 93' lang='grc' dir='ltr'><em>Ζ</em></span> <span class='ocrx_word' id='word_1_102' title='bbox 792 1669 939 1742; x_wconf 88' lang='grc' dir='ltr'><em>σημεῖον.</em></span> <span class='ocrx_word' id='word_1_103' title='bbox 976 1657 1032 1724; x_wconf 80' lang='grc' dir='ltr'><em>καὶ</em></span> <span class='ocrx_word' id='word_1_104' title='bbox 1056 1654 1076 1741; x_wconf 83' lang='grc' dir='ltr'><em>ή</em></span> 
     </span>
     <span class='ocr_line' id='line_1_15' title="bbox 60 1752 1076 1851; baseline 0.003 -25"><span class='ocrx_word' id='word_1_105' title='bbox 60 1761 206 1846; x_wconf 80' lang='grc' dir='ltr'><em>πυραμὶς</em></span> <span class='ocrx_word' id='word_1_106' title='bbox 233 1759 313 1847; x_wconf 86' lang='grc' dir='ltr'><em>ἀρα,</em></span> <span class='ocrx_word' id='word_1_107' title='bbox 341 1752 381 1847; x_wconf 84' lang='grc' dir='ltr'><em>ής</em></span> <span class='ocrx_word' id='word_1_108' title='bbox 407 1760 505 1847; x_wconf 91' lang='grc' dir='ltr'><em>βάσις</em></span> <span class='ocrx_word' id='word_1_109' title='bbox 531 1763 593 1847; x_wconf 81' lang='grc' dir='ltr'><em>μέν</em></span> <span class='ocrx_word' id='word_1_110' title='bbox 620 1764 688 1829; x_wconf 80' lang='grc' dir='ltr'><em>ἐστι</em></span> <span class='ocrx_word' id='word_1_111' title='bbox 715 1761 752 1829; x_wconf 87' lang='grc' dir='ltr'><em>τὸ</em></span> <span class='ocrx_word' id='word_1_112' title='bbox 782 1768 877 1829; x_wconf 93' lang='grc' dir='ltr'><em>ΒΓΔ</em></span> <span class='ocrx_word' id='word_1_113' title='bbox 898 1768 1076 1851; x_wconf 91' lang='grc' dir='ltr'><em>τρίγωνον,</em></span> 
     </span>
     <span class='ocr_line' id='line_1_16' title="bbox 60 1865 1075 1956; baseline 0.003 -24"><span class='ocrx_word' id='word_1_114' title='bbox 60 1866 193 1952; x_wconf 82' lang='grc' dir='ltr'><em>κορυφὴ</em></span> <span class='ocrx_word' id='word_1_115' title='bbox 214 1865 251 1934; x_wconf 68' lang='grc' dir='ltr'><em>δὲ</em></span> <span class='ocrx_word' id='word_1_116' title='bbox 269 1865 307 1935; x_wconf 87' lang='grc' dir='ltr'><em>τὸ</em></span> <span class='ocrx_word' id='word_1_117' title='bbox 324 1875 351 1934; x_wconf 93' lang='grc' dir='ltr'><em>Ζ</em></span> <span class='ocrx_word' id='word_1_118' title='bbox 370 1881 519 1955; x_wconf 90' lang='grc' dir='ltr'><em>σημεῖον,</em></span> <span class='ocrx_word' id='word_1_119' title='bbox 539 1876 594 1954; x_wconf 89' lang='grc' dir='ltr'><em>ἴση</em></span> <span class='ocrx_word' id='word_1_120' title='bbox 614 1869 682 1935; x_wconf 77' lang='grc' dir='ltr'><em>ἐστὶ</em></span> <span class='ocrx_word' id='word_1_121' title='bbox 696 1879 735 1956; x_wconf 79' lang='grc' dir='ltr'><em>τῇ</em></span> <span class='ocrx_word' id='word_1_122' title='bbox 746 1872 907 1955; x_wconf 90' lang='grc' dir='ltr'><em>πυραμίδι</em></span> <span class='ocrx_word' id='word_1_123' title='bbox 921 1872 960 1956; x_wconf 77' lang='grc' dir='ltr'><em>τῇ</em></span> <span class='ocrx_word' id='word_1_124' title='bbox 975 1867 1075 1953; x_wconf 86' lang='grc' dir='ltr'><em>βάσιν</em></span> 
     </span>
     <span class='ocr_line' id='line_1_17' title="bbox 61 1970 1077 2063; baseline 0.002 -25"><span class='ocrx_word' id='word_1_125' title='bbox 61 1970 123 2057; x_wconf 73' lang='grc' dir='ltr'><em>μὲν</em></span> <span class='ocrx_word' id='word_1_126' title='bbox 147 1972 269 2061; x_wconf 84' lang='grc' dir='ltr'><em>ἐχούση</em></span> <span class='ocrx_word' id='word_1_127' title='bbox 292 1971 330 2041; x_wconf 86' lang='grc' dir='ltr'><em>τὸ</em></span> <span class='ocrx_word' id='word_1_128' title='bbox 350 1981 450 2040; x_wconf 91' lang='grc' dir='ltr'><em>ΑΕΖ</em></span> <span class='ocrx_word' id='word_1_129' title='bbox 472 1980 650 2061; x_wconf 90' lang='grc' dir='ltr'><em>τρίγωνον,</em></span> <span class='ocrx_word' id='word_1_130' title='bbox 673 1972 828 2063; x_wconf 81' lang='grc' dir='ltr'><em>κορυφήν</em></span> <span class='ocrx_word' id='word_1_131' title='bbox 852 1973 890 2041; x_wconf 70' lang='grc' dir='ltr'><em>δὲ</em></span> <span class='ocrx_word' id='word_1_132' title='bbox 912 1971 949 2041; x_wconf 84' lang='grc' dir='ltr'><em>τὸ</em></span> <span class='ocrx_word' id='word_1_133' title='bbox 969 1981 998 2041; x_wconf 95' lang='grc' dir='ltr'><em>Β</em></span> <span class='ocrx_word' id='word_1_134' title='bbox 1021 1993 1077 2060; x_wconf 55' lang='grc' dir='ltr'><em>σηω</em></span> 
     </span>
     <span class='ocr_line' id='line_1_18' title="bbox 61 2078 1075 2169; baseline 0.003 -25"><span class='ocrx_word' id='word_1_135' title='bbox 61 2091 168 2163; x_wconf 91' lang='grc' dir='ltr'><em>μεῖον.</em></span> <span class='ocrx_word' id='word_1_136' title='bbox 213 2078 367 2166; x_wconf 89' lang='grc' dir='ltr'><em>διήρηται</em></span> <span class='ocrx_word' id='word_1_137' title='bbox 396 2079 460 2166; x_wconf 81' lang='grc' dir='ltr'><em>ἀρα</em></span> <span class='ocrx_word' id='word_1_138' title='bbox 483 2079 520 2148; x_wconf 90' lang='grc' dir='ltr'><em>τὸ</em></span> <span class='ocrx_word' id='word_1_139' title='bbox 545 2086 745 2148; x_wconf 87' lang='grc' dir='ltr'><em>ΑΒΓΔΕΖ</em></span> <span class='ocrx_word' id='word_1_140' title='bbox 768 2085 895 2169; x_wconf 90' lang='grc' dir='ltr'><em>πρίσμα</em></span> <span class='ocrx_word' id='word_1_141' title='bbox 918 2085 965 2160; x_wconf 86' lang='grc' dir='ltr'><em>εἴς</em></span> <span class='ocrx_word' id='word_1_142' title='bbox 986 2094 1075 2168; x_wconf 88' lang='grc' dir='ltr'><em>τρεῖς</em></span> 
     </span>
     <span class='ocr_line' id='line_1_19' title="bbox 60 2178 1074 2273; baseline 0.004 -24"><span class='ocrx_word' id='word_1_143' title='bbox 60 2189 249 2271; x_wconf 88' lang='grc' dir='ltr'><em>πυραμίδας</em></span> <span class='ocrx_word' id='word_1_144' title='bbox 268 2194 343 2264; x_wconf 92' lang='grc' dir='ltr'><em>ἴσας</em></span> <span class='ocrx_word' id='word_1_145' title='bbox 360 2183 529 2272; x_wconf 88' lang='grc' dir='ltr'><em>ἀλλήλαις,</em></span> <span class='ocrx_word' id='word_1_146' title='bbox 548 2178 597 2255; x_wconf 83' lang='grc' dir='ltr'><em>ών</em></span> <span class='ocrx_word' id='word_1_147' title='bbox 615 2186 729 2272; x_wconf 85' lang='grc' dir='ltr'><em>βάσεις</em></span> <span class='ocrx_word' id='word_1_148' title='bbox 746 2186 808 2273; x_wconf 80' lang='grc' dir='ltr'><em>μέν</em></span> <span class='ocrx_word' id='word_1_149' title='bbox 827 2191 912 2254; x_wconf 78' lang='grc' dir='ltr'><em>εἰσιν</em></span> <span class='ocrx_word' id='word_1_150' title='bbox 928 2191 1074 2271; x_wconf 86' lang='grc' dir='ltr'><em>ΑΒΓΔ,</em></span> 
     </span>
     <span class='ocr_line' id='line_1_20' title="bbox 61 2291 763 2380; baseline 0.004 -24"><span class='ocrx_word' id='word_1_151' title='bbox 61 2296 212 2375; x_wconf 85' lang='grc' dir='ltr'><em>ΕΑΕΖ,</em></span> <span class='ocrx_word' id='word_1_152' title='bbox 235 2291 367 2380; x_wconf 82' lang='grc' dir='ltr'><em>κορυφή</em></span> <span class='ocrx_word' id='word_1_153' title='bbox 393 2293 430 2361; x_wconf 72' lang='grc' dir='ltr'><em>δὲ</em></span> <span class='ocrx_word' id='word_1_154' title='bbox 452 2292 492 2360; x_wconf 84' lang='grc' dir='ltr'><em>τά</em></span> <span class='ocrx_word' id='word_1_155' title='bbox 516 2300 560 2378; x_wconf 86' lang='grc' dir='ltr'><em>Β,</em></span> <span class='ocrx_word' id='word_1_156' title='bbox 584 2301 612 2360; x_wconf 95' lang='grc' dir='ltr'><em>Ζ</em></span> <span class='ocrx_word' id='word_1_157' title='bbox 635 2307 763 2380; x_wconf 88' lang='grc' dir='ltr'><em>σημεῖα.</em></span> 
     </span>
    </p>
   </div>
   <div class='ocr_carea' id='block_1_4' title="bbox 57 2505 1110 3606">
    <p class='ocr_par' dir='ltr' id='par_1_5' title="bbox 57 2505 1110 2907">
     <span class='ocr_line' id='line_1_21' title="bbox 133 2505 1110 2596; baseline 0.005 -27"><span class='ocrx_word' id='word_1_158' title='bbox 133 2505 209 2570; x_wconf 85' lang='grc' dir='ltr'><em>Τών</em></span> <span class='ocrx_word' id='word_1_159' title='bbox 233 2511 316 2571; x_wconf 90' lang='grc' dir='ltr'><em>ἴσων</em></span> <span class='ocrx_word' id='word_1_160' title='bbox 340 2509 539 2592; x_wconf 84' lang='grc' dir='ltr'><em>πυραμίδων</em></span> <span class='ocrx_word' id='word_1_161' title='bbox 561 2507 616 2573; x_wconf 81' lang='grc' dir='ltr'><em>καὶ</em></span> <span class='ocrx_word' id='word_1_162' title='bbox 639 2505 824 2596; x_wconf 72' lang='grc' dir='ltr'><em>τριγώνους</em></span> <span class='ocrx_word' id='word_1_163' title='bbox 847 2506 960 2593; x_wconf 89' lang='grc' dir='ltr'><em>βάσεις</em></span> <span class='ocrx_word' id='word_1_164' title='bbox 984 2507 1075 2591; x_wconf 84' lang='grc' dir='ltr'><em>ἐχου-</em></span> <span class='ocrx_word' id='word_1_165' title='bbox 1095 2526 1110 2574; x_wconf 83' lang='grc'><strong>7</strong></span> 
     </span>
     <span class='ocr_line' id='line_1_22' title="bbox 58 2602 1075 2698; baseline 0.003 -22"><span class='ocrx_word' id='word_1_166' title='bbox 58 2612 132 2676; x_wconf 85' lang='grc' dir='ltr'><em>σών</em></span> <span class='ocrx_word' id='word_1_167' title='bbox 161 2609 449 2679; x_wconf 74' lang='grc' dir='ltr'><em>ἀντιπεπόνθασιν</em></span> <span class='ocrx_word' id='word_1_168' title='bbox 481 2615 518 2678; x_wconf 90' lang='grc' dir='ltr'><em>αί</em></span> <span class='ocrx_word' id='word_1_169' title='bbox 544 2611 657 2698; x_wconf 87' lang='grc' dir='ltr'><em>βάσεις</em></span> <span class='ocrx_word' id='word_1_170' title='bbox 684 2622 765 2692; x_wconf 82' lang='grc' dir='ltr'><em>τοῖς</em></span> <span class='ocrx_word' id='word_1_171' title='bbox 781 2613 890 2693; x_wconf 83' lang='grc' dir='ltr'><em>ὕψεσι.</em></span> <span class='ocrx_word' id='word_1_172' title='bbox 939 2612 994 2679; x_wconf 84' lang='grc' dir='ltr'><em>καὶ</em></span> <span class='ocrx_word' id='word_1_173' title='bbox 1027 2602 1075 2680; x_wconf 79' lang='grc' dir='ltr'><em>τόν</em></span> 
     </span>
     <span class='ocr_line' id='line_1_23' title="bbox 57 2716 1076 2804; baseline 0.003 -23"><span class='ocrx_word' id='word_1_174' title='bbox 57 2720 260 2802; x_wconf 86' lang='grc' dir='ltr'><em>πυραμίδων</em></span> <span class='ocrx_word' id='word_1_175' title='bbox 282 2716 468 2803; x_wconf 90' lang='grc' dir='ltr'><em>τριγώνους</em></span> <span class='ocrx_word' id='word_1_176' title='bbox 490 2717 604 2803; x_wconf 86' lang='grc' dir='ltr'><em>βάσεις</em></span> <span class='ocrx_word' id='word_1_177' title='bbox 622 2720 769 2804; x_wconf 76' lang='grc' dir='ltr'><em>ἐχουσῶν</em></span> <span class='ocrx_word' id='word_1_178' title='bbox 788 2717 1076 2786; x_wconf 82' lang='grc' dir='ltr'><em>ἀντιπεπόνθασιν</em></span> 
     </span>
     <span class='ocr_line' id='line_1_24' title="bbox 58 2822 840 2907; baseline 0.004 -20"><span class='ocrx_word' id='word_1_179' title='bbox 58 2825 98 2888; x_wconf 85' lang='grc' dir='ltr'><em>αί</em></span> <span class='ocrx_word' id='word_1_180' title='bbox 120 2822 234 2907; x_wconf 88' lang='grc' dir='ltr'><em>βάσεις</em></span> <span class='ocrx_word' id='word_1_181' title='bbox 255 2836 326 2903; x_wconf 91' lang='grc' dir='ltr'><em>τοῖς</em></span> <span class='ocrx_word' id='word_1_182' title='bbox 347 2824 481 2906; x_wconf 78' lang='grc' dir='ltr'><em>ὕψεσιν,</em></span> <span class='ocrx_word' id='word_1_183' title='bbox 505 2831 574 2892; x_wconf 90' lang='grc' dir='ltr'><em>ἴσαι</em></span> <span class='ocrx_word' id='word_1_184' title='bbox 597 2825 685 2892; x_wconf 79' lang='grc' dir='ltr'><em>εἰσὶν</em></span> <span class='ocrx_word' id='word_1_185' title='bbox 709 2827 840 2892; x_wconf 77' lang='grc' dir='ltr'><em>ἐκεῖναι.</em></span> 
     </span>
    </p>

    <p class='ocr_par' dir='ltr' id='par_1_6' title="bbox 57 2929 1108 3606">
     <span class='ocr_line' id='line_1_25' title="bbox 100 2929 1075 3024; baseline 0.002 -28"><span class='ocrx_word' id='word_1_186' title='bbox 100 2933 278 2997; x_wconf 66' lang='grc' dir='ltr'><em>Οέστωσαν</em></span> <span class='ocrx_word' id='word_1_187' title='bbox 312 2938 381 2998; x_wconf 89' lang='grc' dir='ltr'><em>ἴσαι</em></span> <span class='ocrx_word' id='word_1_188' title='bbox 416 2935 600 3018; x_wconf 88' lang='grc' dir='ltr'><em>πυραμίδες</em></span> <span class='ocrx_word' id='word_1_189' title='bbox 635 2929 691 2997; x_wconf 82' lang='grc' dir='ltr'><em>καὶ</em></span> <span class='ocrx_word' id='word_1_190' title='bbox 721 2929 924 3024; x_wconf 89' lang='grc' dir='ltr'><em>τριγώνουςΙ</em></span> <span class='ocrx_word' id='word_1_191' title='bbox 939 2937 1075 3018; x_wconf 81' lang='grc' dir='ltr'><em>ἔχουσαι</em></span> 
     </span>
     <span class='ocr_line' id='line_1_26' title="bbox 57 3033 1075 3124; baseline 0.002 -22"><span class='ocrx_word' id='word_1_192' title='bbox 57 3033 177 3120; x_wconf 87' lang='grc' dir='ltr'><em>βάσεις</em></span> <span class='ocrx_word' id='word_1_193' title='bbox 198 3034 257 3115; x_wconf 82' lang='grc' dir='ltr'><em>τὰς</em></span> <span class='ocrx_word' id='word_1_194' title='bbox 275 3042 383 3122; x_wconf 91' lang='grc' dir='ltr'><em>ΑΒΓ,</em></span> <span class='ocrx_word' id='word_1_195' title='bbox 407 3043 513 3103; x_wconf 91' lang='grc' dir='ltr'><em>ΕΖΗ</em></span> <span class='ocrx_word' id='word_1_196' title='bbox 527 3039 564 3102; x_wconf 89' lang='grc' dir='ltr'><em>αί</em></span> <span class='ocrx_word' id='word_1_197' title='bbox 581 3042 727 3124; x_wconf 88' lang='grc' dir='ltr'><em>ΑΒΓΔ,</em></span> <span class='ocrx_word' id='word_1_198' title='bbox 751 3042 900 3121; x_wconf 79' lang='grc' dir='ltr'><em>ΕΖΗΘ,</em></span> <span class='ocrx_word' id='word_1_199' title='bbox 923 3035 1075 3123; x_wconf 84' lang='grc' dir='ltr'><em>κορυφάς</em></span> 
     </span>
     <span class='ocr_line' id='line_1_27' title="bbox 58 3139 1075 3229; baseline 0.002 -21"><span class='ocrx_word' id='word_1_200' title='bbox 58 3140 99 3208; x_wconf 75' lang='grc' dir='ltr'><em>δὲ</em></span> <span class='ocrx_word' id='word_1_201' title='bbox 121 3139 162 3207; x_wconf 84' lang='grc' dir='ltr'><em>τὰ</em></span> <span class='ocrx_word' id='word_1_202' title='bbox 187 3148 234 3224; x_wconf 81' lang='grc' dir='ltr'><em>Δ,</em></span> <span class='ocrx_word' id='word_1_203' title='bbox 257 3148 286 3208; x_wconf 84' lang='grc' dir='ltr'>Θ</span> <span class='ocrx_word' id='word_1_204' title='bbox 309 3155 436 3228; x_wconf 89' lang='grc' dir='ltr'><em>σημεῖα.</em></span> <span class='ocrx_word' id='word_1_205' title='bbox 473 3143 574 3229; x_wconf 81' lang='grc' dir='ltr'><em>λέγω,</em></span> <span class='ocrx_word' id='word_1_206' title='bbox 599 3140 650 3210; x_wconf 86' lang='grc' dir='ltr'><em>ὅτι</em></span> <span class='ocrx_word' id='word_1_207' title='bbox 674 3147 742 3211; x_wconf 82' lang='grc' dir='ltr'><em>τών</em></span> <span class='ocrx_word' id='word_1_208' title='bbox 765 3148 912 3227; x_wconf 90' lang='grc' dir='ltr'><em>ΑΒΓΔ,</em></span> <span class='ocrx_word' id='word_1_209' title='bbox 936 3149 1075 3210; x_wconf 85' lang='grc' dir='ltr'><em>ΕΖΗΘ</em></span> 
     </span>
     <span class='ocr_line' id='line_1_28' title="bbox 58 3247 1075 3336; baseline 0.004 -23"><span class='ocrx_word' id='word_1_210' title='bbox 58 3252 260 3334; x_wconf 88' lang='grc' dir='ltr'><em>πυραμίδων</em></span> <span class='ocrx_word' id='word_1_211' title='bbox 288 3247 462 3334; x_wconf 84' lang='grc' dir='ltr'><em>τριγώνων</em></span> <span class='ocrx_word' id='word_1_212' title='bbox 490 3247 591 3333; x_wconf 91' lang='grc' dir='ltr'><em>βάσιν</em></span> <span class='ocrx_word' id='word_1_213' title='bbox 615 3251 763 3336; x_wconf 80' lang='grc' dir='ltr'><em>ἐχουσῶν</em></span> <span class='ocrx_word' id='word_1_214' title='bbox 786 3247 1075 3317; x_wconf 84' lang='grc' dir='ltr'><em>ἀντιπεπόνθασιν</em></span> 
     </span>
     <span class='ocr_line' id='line_1_29' title="bbox 59 3353 1074 3443; baseline 0.003 -23"><span class='ocrx_word' id='word_1_215' title='bbox 59 3355 98 3420; x_wconf 87' lang='grc' dir='ltr'><em>αί</em></span> <span class='ocrx_word' id='word_1_216' title='bbox 110 3353 224 3438; x_wconf 91' lang='grc' dir='ltr'><em>βάσεις</em></span> <span class='ocrx_word' id='word_1_217' title='bbox 238 3367 307 3434; x_wconf 91' lang='grc' dir='ltr'><em>τοῖς</em></span> <span class='ocrx_word' id='word_1_218' title='bbox 319 3353 429 3436; x_wconf 79' lang='grc' dir='ltr'><em>ὕψεσι.</em></span> <span class='ocrx_word' id='word_1_219' title='bbox 457 3355 754 3442; x_wconf 82' lang='grc' dir='ltr'><em>συμπεπληρώσθω</em></span> <span class='ocrx_word' id='word_1_220' title='bbox 773 3354 836 3443; x_wconf 81' lang='grc' dir='ltr'><em>γάρ</em></span> <span class='ocrx_word' id='word_1_221' title='bbox 855 3354 896 3422; x_wconf 82' lang='grc' dir='ltr'><em>τὰ</em></span> <span class='ocrx_word' id='word_1_222' title='bbox 911 3362 1074 3441; x_wconf 91' lang='grc' dir='ltr'><em>ΒΔΜΑ,</em></span> 
     </span>
     <span class='ocr_line' id='line_1_30' title="bbox 60 3460 1108 3606; baseline 0.001 -80"><span class='ocrx_word' id='word_1_223' title='bbox 60 3465 190 3527; x_wconf 79' lang='grc' dir='ltr'><em>ΖΘΡΘ</em></span> <span class='ocrx_word' id='word_1_224' title='bbox 213 3460 337 3550; x_wconf 90' lang='grc' dir='ltr'><em>στερεά.</em></span> <span class='ocrx_word' id='word_1_225' title='bbox 374 3461 430 3528; x_wconf 85' lang='grc' dir='ltr'><em>καὶ</em></span> <span class='ocrx_word' id='word_1_226' title='bbox 453 3462 523 3530; x_wconf 78' lang='grc' dir='ltr'><em>ἐπεὶ</em></span> <span class='ocrx_word' id='word_1_227' title='bbox 547 3470 602 3550; x_wconf 90' lang='grc' dir='ltr'><em>ἴση</em></span> <span class='ocrx_word' id='word_1_228' title='bbox 626 3462 716 3530; x_wconf 75' lang='grc' dir='ltr'><em>ἐστὶν</em></span> <span class='ocrx_word' id='word_1_229' title='bbox 740 3462 764 3549; x_wconf 83' lang='grc' dir='ltr'>ἡ</span> <span class='ocrx_word' id='word_1_230' title='bbox 785 3468 914 3529; x_wconf 87' lang='grc' dir='ltr'><em>ΑΒΓΔ</em></span> <span class='ocrx_word' id='word_1_231' title='bbox 933 3463 1108 3606; x_wconf 49' lang='lat' dir='ltr'><em>mamb*</em></span> 
     </span>
    </p>
   </div>
   <div class='ocr_carea' id='block_1_5' title="bbox 0 0 1174 3818">
    <p class='ocr_par' dir='ltr' id='par_1_7' title="bbox 0 0 1174 3818">
     <span class='ocr_line' id='line_1_31' title="bbox 0 0 1174 3818; baseline 0 1"><span class='ocrx_word' id='word_1_232' title='bbox 0 0 1174 3818; x_wconf 95' lang='lat' dir='ltr'><em> </em></span> 
     </span>
    </p>
   </div>
  </div>
 </body>
</html>
