2340 3818
110 148 153 213 54
480 149 684 202 Σοοταιισεα
701 144 754 203 ια’.

109 289 164 357 διὰ
188 292 256 357 τῶν
280 295 382 356 ΒΑΓ
401 293 544 381 ἐπιπέδῳ
569 297 624 377 ἴση
648 288 668 379 ἡ
692 288 758 359 ὑπὸ
779 297 896 380 ΒΑΕ,
919 293 974 360 καὶ
997 298 1123 361 κείσθω

106 399 146 484 τῇ
167 403 237 462 ΑΔ
260 403 316 482 ἴση
340 394 360 481 ἡ
381 404 462 482 ΑΕ,
486 397 541 463 καὶ
565 396 622 464 διὰ
644 401 706 466 τοῦ
730 406 762 465 Ε
783 405 923 485 σημείου
947 403 1123 486 διαχθεῖσα

106 499 127 589 ἡ
151 508 252 570 ΒΕΓ
271 505 413 591 τεμνέτω
437 502 496 582 τὰς
518 511 599 590 ΑΒ,
619 510 688 572 ΑΓ
706 504 843 586 εὐθείας
864 505 948 573 κατὰ
970 503 1010 572 τά
1037 511 1127 591 Β,Γ

107 623 237 696 σημεῖα,
261 610 317 678 καὶ
340 608 594 695 ἐπεζεύχθωσαν
618 613 656 677 αί
672 617 754 696 ΔΒ,
777 618 854 680 ΔΓ.
891 611 947 680 καὶ
970 611 1042 679 ἐπεὶ
1070 619 1122 698 ἴση

72 716 198 784 σέστῖν
230 713 250 803 ἡ
281 724 351 783 ΔΑ
383 719 422 804 τῇ
452 723 533 801 ΑΒ,
565 715 662 803 κοινὴ
696 716 734 784 δὲ
765 714 786 803 ἡ
814 725 895 804 ΑΒ,
928 719 991 787 δύο
1026 717 1122 787 δνσῖν

66 841 69 846 “
107 832 191 890 ἴσαι·
215 818 429 908 καῖγωνίαὴ
454 820 521 889 ὑπὸ
538 828 641 890 ΔΑΒ
663 828 771 913 γωνίηι
788 826 829 912 τῇ
848 821 914 892 ὑπὸ
934 830 1040 892 ΒΑΕ
1056 832 1123 911 ἴση·

106 928 203 1014 βάσις
231 926 296 1013 άρα
323 925 343 1012 ἡ
368 935 435 995 ΔΒ
462 931 560 1012 βάσει
586 933 626 1017 τῇ
650 937 716 998 ΒΕ
738 932 829 999 ἐστιν
856 939 921 1017 ἴση.
969 929 1027 998 καὶ
1056 930 1121 999 ἐπεὶ

107 1038 169 1103 σοι
194 1036 327 1119 acm,
347 1040 416 1101 ΔΓ
434 1037 492 1120 τῆς
506 1041 573 1103 ΒΓ
591 1038 737 1122 μείζονες
758 1041 856 1123 ειιιι,
879 1028 929 1106 σι
951 1034 972 1122 ἡ
992 1044 1062 1105 AB
1081 1041 1119 1126 τῇ

106 1148 177 1228 ΒΑΕ
203 1142 338 1227 ἐδείχθη
369 1146 440 1227 ἴση,
473 1139 572 1226 λοιπὴ
601 1138 666 1230 άρα
693 1138 714 1228 ἡ
743 1148 816 1210 ΔΓ
837 1147 955 1231 λοιπῆς
980 1146 1042 1230 τῆς
1064 1149 1125 1212 ΕΓ

56 1267 88 1317 10
106 1251 226 1333 μείζων
261 1248 360 1314 ἐστίν.
412 1247 469 1314 καὶ
505 1245 577 1314 ἐπεὶ
610 1253 665 1333 ἴση
698 1247 789 1315 ἐστὶν
815 1245 837 1334 ἡ
871 1257 942 1317 ΔΑ
972 1253 1012 1339 τῇ
1042 1257 1122 1334 ΑΕ,

105 1349 203 1437 κοινὴ
237 1349 281 1445 δὲ,
306 1348 327 1436 ἡ
355 1358 431 1437 ΑΓ,
463 1352 519 1419 καῖ
551 1351 649 1436 βάσις
679 1350 701 1438 ἡ
731 1359 802 1421 ΔΓ
824 1354 954 1440 βάσεως
980 1359 1041 1442 τῆς
1064 1360 1126 1424 ΕΓ

107 1463 226 1544 μείζων
251 1459 352 1536 ἐστίν,
375 1463 482 1543 γωνία
507 1455 573 1544 άρα
595 1455 617 1543 ἡ
636 1455 702 1526 ὑπὸ
718 1465 825 1527 ΔΑΓ
838 1465 963 1545 γωνίας
980 1470 1041 1547 τῆς
1058 1458 1120 1529 ὑπὸ

63 1613 65 1617 «
107 1569 212 1630 ΕΑΓ
232 1568 351 1650 μείζων
375 1566 471 1632 ἐστί.
517 1565 652 1649 ἐδείχθη
680 1564 718 1632 δὲ
744 1563 800 1632 καὶ
823 1565 844 1653 ἡ
867 1565 933 1634 ὑπὸ
956 1573 1064 1634 ΔΑΒ
1084 1576 1122 1656 τῇ

104 1667 170 1738 ὑπὸ
200 1675 305 1737 ΒΑΕ
331 1677 400 1756 ἴση·
433 1671 471 1736 αί
497 1667 565 1758 ἄρα
593 1666 659 1739 ὑπὸ
689 1677 808 1754 ΔΑΒ,
837 1678 946 1738 ΔΑΓ
969 1675 1029 1758 τῆς
1058 1669 1122 1741 ὑπὸ

55 1796 87 1846 15
107 1781 213 1843 ΒΑΓ
230 1778 375 1863 μείζονές
398 1781 493 1844 είσιν.
536 1772 660 1862 ὁμοίως
682 1774 724 1861 δὴ
748 1777 911 1862 δείξομεν,
939 1774 991 1844 ὅτι
1009 1778 1068 1846 καὶ
1089 1779 1125 1846 αί

105 1882 219 1950 λοιπαί
240 1881 368 1950 σύνδυο
386 1880 637 1968 λαμβανόμεναι
655 1884 713 1968 τῆς
730 1885 849 1967 λοιπῆς
866 1884 1014 1967 μείζονές
1028 1888 1123 1952 είσιν.

170 1987 248 2055 Ἐὰν
281 1987 345 2076 άρα
379 1986 494 2077 στερεά
527 1992 635 2072 γωνία
666 1985 731 2054 ὑπὸ
764 1991 868 2074 τριῶν
894 1999 1027 2074 γωνιῶν
1058 1993 1124 2060 έπι-

106 2095 217 2162 πέδων
241 2095 440 2181 περιέχηται,
465 2092 528 2161 δόο
550 2090 728 2162 ὁποιαιοῦν
749 2096 808 2178 τῆς
831 2099 949 2181 λοιπῆς
975 2099 1124 2181 μείζονές

107 2202 171 2266 είσι
194 2197 303 2286 πάντη
326 2198 672 2286 μεταλαμβανόμεναι·
696 2198 777 2287 ὅπερ
801 2203 869 2268 ἔδει
892 2202 1005 2282 δεῖξαι.

53 2435 88 2484 20
581 2409 645 2476 μα’.

166 2531 314 2600 ’Ἅπασα
328 2515 465 2620 στερεὰ
483 2537 608 2618 γωνία
626 2530 700 2601 ὑπὸ
720 2517 950 2604 ἐλασσόνων
970 2533 1020 2624 [ἢ]
1039 2559 1123 2609 τεσ-

108 2640 243 2724 σάρων
267 2636 402 2728 ὀρθῶν
424 2643 582 2724 γωνιῶν
606 2642 804 2709 ἐπιπέδων
826 2644 1061 2731 περιέχεται.

166 2743 274 2811 Ἔστω
298 2741 413 2831 στερεά
436 2750 543 2831 γωνία
566 2743 587 2832 ἡ
606 2745 689 2830 πρὸς
706 2751 751 2839 τῷ
771 2757 803 2815 Α
821 2750 1037 2837 περιεχομένη
1056 2750 1123 2822 ὑπὸ

108 2852 274 2919 ἐπιπέδων
292 2854 426 2935 γωνιῶν
445 2854 512 2919 τῶν
531 2848 598 2920 ὑπὸ
618 2859 731 2939 ΒΑΓ,
751 2859 870 2941 ΓΑΔ,
890 2863 1006 2923 ΔΑΒ·
1025 2860 1125 2946 λέγω,

53 2983 90 3032 25
109 2955 159 3026 ὅτι
179 2959 217 3023 αἴ
236 2953 303 3023 ὑπὸ
318 2963 435 3041 ΒΑΓ,
454 2963 574 3045 ΓΑΔ,
590 2967 693 3027 ΔΑΒ
706 2959 881 3048 τεσσάρων
895 2959 1013 3048 ὀρθῶν
1028 2964 1126 3033 ἐλάσ-

109 3064 205 3141 σονές
228 3066 323 3131 είσιν.

653 3255 687 3385 ἡχ
701 3276 785 3330 supra
803 3277 855 3314 scr.
874 3259 908 3329 V,
928 3262 960 3315 ut
973 3261 1022 3317 lin.
1038 3269 1063 3318 θ.

110 3328 218 3381 κείσθω
237 3329 282 3399 τῇ]
304 3327 353 3384 διὰ
372 3330 422 3384 τοῦ
442 3333 467 3382 Ε
486 3347 519 3398 οη
540 3350 562 3399 φ
583 3334 648 3398 (non
689 3333 708 3400 ).
745 3331 818 3386 Hine
836 3331 984 3400 plerasque
1002 3334 1127 3404 ineptias

63 3398 208 3591 'manus
232 3420 253 3468 φ
277 3401 370 3470 omisi,
399 3400 520 3455 maxime
548 3402 596 3456 ubi
624 3404 672 3457 aut
700 3403 777 3456 certa
800 3400 922 3472 uestigia
944 3403 1006 3458 ueri
1029 3421 1127 3476 super·

182 3264 205 3312 1.
222 3253 358 3331 ἐπιπέδῳ]
373 3257 403 3312 in
417 3274 470 3312 rae.
485 3277 521 3313 m.
539 3265 552 3313 1
569 3261 599 3314 P.

108 3472 197 3538 erant,
212 3475 261 3526 aut
281 3476 355 3528 certe
373 3471 451 3527 nulla
470 3476 531 3527 erat
551 3488 635 3528 causa
653 3472 688 3527 de
703 3471 843 3541 scriptura
857 3472 917 3527 cod.
930 3473 951 3526 F
966 3473 1126 3536 dubitandi.
