2340 3818
454 166 638 218 APPENDIX
655 168 690 219 11.
1011 164 1078 230 409

132 311 283 375 ἔστωσαν
310 305 376 374 ὑπὸ
403 305 442 375 τὸ
473 304 555 374 αύτό
583 307 671 387 ὕψος
698 305 791 386 ὅντες
817 309 922 373 κῶνοι
944 308 1000 374 καὶ
1023 307 1079 376 κύ·

60 417 211 500 λινᾶροι,
244 404 293 481 ῶν
321 415 358 480 αἱ
386 411 500 499 βάσεις
527 416 677 479 ἔστωσαν
703 415 739 481 οἱ
764 417 912 496 ΑΒΓΔ,
945 419 1080 481 ΕΖΗΘ
1135 405 1137 408 ’

61 519 195 605 κύκλοι,
218 517 336 600 άξονες
356 518 393 587 66
414 521 449 586 οἱ
461 525 495 585 Κ
499 524 530 584 Α
536 569 545 604 ,
569 524 662 602 MN,
686 517 858 605 διάμετροι
878 518 915 586 66
933 521 1001 586 τῶν
1019 518 1080 603 βά·

63 645 150 694 σεων
178 628 328 693 ἔστωσαν
356 627 393 693 αἱ
418 632 500 708 ΖΔ,
529 630 598 690 ΖΘ.
647 623 749 710 λέγω,
777 621 829 692 ὅτι
858 626 963 708 ἐστίν,
992 622 1037 704 ῶς
1060 624 1080 692 6

63 738 198 800 ΑΒΓΔ
229 731 351 810 κύκλος
381 727 465 817 πρὸς
495 733 556 798 τὸν
584 737 721 798 ΕΖΗΘ
750 730 891 816 κύκλον,
924 728 1030 810 οὕτως
1060 727 1079 797 6

63 837 267 926 ΑΒΓΔΛῙ)
289 847 400 916 κῶνος
422 835 506 922 πρὸς
528 835 589 904 τὸν
611 842 791 904 ΕΖΗΘΝ
808 840 928 905 κῶνον.
966 841 997 904 εἰ
1013 835 1080 925 γὰρ

64 943 109 1030 μή
138 946 228 1011 ἐστιν
256 942 300 1022 ῶς
327 943 347 1011 6
370 948 504 1011 ΑΒΓΔ
526 942 648 1021 κύκλος
675 941 758 1030 πρὸς
784 942 845 1012 τὸν
869 949 1004 1011 ΕΖΗΘ
1025 943 1080 1011 κύ·

63 1058 160 1134 κλον,
197 1049 303 1129 οὕτως
339 1046 357 1117 6
394 1054 528 1116 ΑΒΓΔ
563 1052 671 1127 κῶνος
706 1051 790 1137 πρὸς
825 1051 887 1118 τὸν
924 1057 1079 1136 ΕΖΗΘ,

65 1162 157 1224 ἔσται
186 1153 203 1223 6
228 1160 434 1222 ΑΒΓΔΚΛ
461 1159 570 1232 κῶνος
596 1152 673 1241 ήτοι
699 1153 782 1238 πρὸς
805 1155 942 1224 ἔλαττόν
964 1182 996 1224 τι
1018 1160 1080 1225 τού

65 1268 201 1329 ΕΖΗΘ
223 1261 338 1328 κῶνον
360 1259 496 1348 στερεὸν
515 1255 535 1346 ή
554 1261 639 1347 πρὸς
657 1267 776 1346 μεῖζον.
814 1265 897 1329 ἔστω
916 1263 1080 1350 πρότερον

67 1367 152 1456 πρὸς
175 1372 312 1436 ἔλαττον
335 1364 373 1434 τὸ
397 1376 430 1433 Α
452 1366 603 1453 στερεόν,
625 1367 682 1434 καὶ
705 1365 926 1454 ἐγγεγράφθω
950 1373 997 1448 εἰς
1020 1367 1081 1437 τὸν

64 1481 202 1543 ΕΖΗΘ
224 1471 350 1540 κύκλον
372 1472 584 1560 τετράγωνον
602 1470 640 1540 τὸ
661 1479 812 1559 ΕΖΗΘ,
835 1474 891 1541 καὶ
911 1473 1081 1544 ἀνεστάτω

64 1578 131 1648 άπὸ
146 1584 206 1647 τοῦ
221 1584 358 1646 ΕΖΗΘ
370 1577 582 1665 τετραγιύνον
601 1578 745 1666 πυραμὶς
759 1583 902 1666 ίσονψής
915 1591 961 1672 τῷ
975 1580 1083 1671 κῶνγο.

63 1684 83 1772 ἡ
111 1684 176 1773 άρα
199 1683 405 1771 άνεσταμένη
428 1685 574 1772 πυραμὶς
601 1690 720 1771 μείζων
749 1684 840 1753 ἐστὶν
867 1682 888 1771 ή
918 1685 955 1752 τὸ
978 1684 1082 1773 ήμισν

64 1796 127 1860 τού
149 1791 273 1859 κῶνον.
319 1791 562 1877 τετμήσθωσαν
585 1794 622 1857 αἱ
643 1797 720 1875 ΕΖ,
749 1797 830 1876 ΖΗ,
858 1797 927 1859 ΗΘ
949 1791 1082 1879 περιφέ-

64 1924 152 1988 ρειαι
176 1902 254 1984 δίχα
277 1896 423 1965 κατὰτὰ
447 1900 489 1984 Ξ,
514 1904 557 1982 Ο,
581 1905 630 1983 Π,
654 1903 684 1962 P
702 1910 832 1984 σημεῖα,
855 1897 912 1965 καὶ
936 1897 1084 1984 ἐπεζεύχ-

63 2013 186 2072 θωσαν
209 2006 246 2071 αι
266 2005 343 2089 απ,
370 2006 446 2088 62,
476 2009 550 2086 πο,
578 2009 661 2088 οΗ,
688 2010 777 2088 1111,
801 2010 884 2087 116,
907 2010 980 2088 ον,
1003 2011 1081 2090 ΡΣ,

62 2111 131 2190 καὶ,
149 2109 318 2178 ἀνεστάτω
342 2107 402 2196 ἀφ’
429 2108 569 2177 ἑκάστου
592 2111 660 2175 τῶν
683 2111 761 2194 ΕΞ,
791 2111 871 2194 ΞΖ,
900 2116 975 2196 ΖΘ,
999 2116 1081 2197 ΘΗ,

64 2222 158 2302 ΗΠ,
186 2223 269 2302 ΠΘ,
297 2222 372 2300 ΘΡ,
400 2222 465 2282 ΡΣ
491 2213 666 2302 τριγῶνων
693 2215 839 2304 πυραμὶς
866 2214 1009 2303 ἰσονψὴς
1036 2227 1081 2308 τῷ

62 2322 174 2413 κῶνρο.
211 2321 331 2408 ἑκάστη
347 2320 411 2409 άρα
425 2325 494 2390 τῶν
508 2319 743 2407 ἀνισταμένων
757 2324 956 2407 πυραμίδων
970 2322 1082 2408 μεῖζόν

63 2431 158 2498 ἐστιν
175 2424 197 2515 ή
215 2428 254 2496 τὸ
273 2425 377 2514 ήμισν
395 2431 456 2495 τού
474 2425 553 2494 καθ’
576 2425 683 2512 αὑτήν
700 2425 868 2513 τμήματος
886 2432 947 2497 τοῦ
960 2429 1082 2497 κῶνον.

63 2533 221 2621 τοιαύτης
240 2532 282 2619 δή
302 2535 481 2621 γενομένης
499 2531 551 2601 άελ
566 2532 766 2614 ἐπισκέψεως
780 2533 992 2620 ληφθήσεταί
1007 2561 1083 2602 τινα

61 2640 217 2726 τμήματα
241 2637 305 2708 ιἰπό
327 2643 389 2708 τοῦ
414 2637 496 2708 ὅλον
517 2638 645 2724 κῶνον,
673 2635 695 2705 ύὶ
723 2643 814 2706 ἔσται
843 2639 1002 2707 ἐλάττονα
1023 2645 1083 2728 τής

61 2743 245 2833 ὑπεροχῆς,
273 2738 312 2832 ἧς
339 2743 491 2832 ὑπερέχει
514 2743 532 2813 6
558 2749 711 2812 ΖΘΜΝ
729 2743 851 2824 κύκλος
872 2749 934 2813 τοῦ
957 2754 989 2812 Α
1012 2764 1082 2813 στε-

64 2854 158 2938 ρεού.
203 2850 363 2937 λελήφθω
390 2851 446 2918 καὶ
475 2855 558 2918 ἔστω
585 2848 625 2917 τά
653 2849 796 2917 ἐπὶτῶν
821 2852 930 2935 ΕΞΖ,
959 2858 1082 2936 ΘΗΠ,

64 2963 170 3024 ΘΡΕ.
234 2960 333 3044 λοιπή
375 2954 441 3044 άρα
478 2955 498 3043 ή
536 2960 696 3043 πυραμίς,
737 2945 778 3041 ἧς
813 2955 910 3040 βάσις
945 2956 1007 3042 μὲν
1043 2954 1082 3025 τὸ

63 3065 348 3160 ΕΞΖΙΟΗΠΘΡ
365 3061 577 3149 πολύγωνον,
600 3058 731 3149 κορυφή
755 3061 793 3129 δὲ
815 3060 853 3129 τὸ
874 3067 913 3128 Ν
932 3076 1082 3149 σημεῖον,

64 3168 180 3255 μεῖζόν
203 3171 272 3238 ἐστι
294 3173 356 3237 τοῦ
378 3179 410 3237 Α
440 3179 585 3253 στερεοῦ.
631 3167 853 3255 ἐγγεγράφθω
883 3166 924 3254 δή
953 3173 1001 3247 εἰς
1022 3167 1084 3237 τὸν

64 3281 201 3342 ΑΒΓΔ
227 3274 353 3343 κύκλον
380 3279 425 3367 τῶ
449 3277 727 3352 ΕΞΖΟΗΠΘΡ
749 3272 935 3366 πολνγῶνω
964 3271 1084 3360 ὅμοιον

139 3506 166 3574 1)
184 3509 210 3558 Α
228 3521 313 3574 supra
331 3522 383 3562 scr.
402 3523 439 3561 m.
461 3509 485 3560 1.
1038 3528 1100 3596 ,-
