2340 3818
149 47 212 166 146
518 102 720 154 ΣΤοιΧΕΙΩΝ
738 97 788 174 ιγ’.

147 246 427 321 ΑΞΒΟΓΠΔΡ
453 241 654 330 πολύγωνον
688 241 772 331 πρὸς
803 241 842 311 τὸ
871 249 1121 311 ΕΚΖΛΗΜΘ

146 350 360 437 πολύγωνον·
393 349 532 431 ἐναλλὰξ
561 347 628 438 ἄρα
656 347 700 429 ὡς
728 348 746 418 ὁ
770 356 904 418 ΑΒΓΔ
931 349 1053 429 κύκλος
1079 346 1158 436 πρὸ

146 455 183 524 τὸ
209 459 245 525 ἐν
269 455 358 549 αύτῷ
382 457 599 543 πολύγωνον,
623 454 729 537 ούτως
752 455 790 524 τὸ
815 464 850 523 Σ
870 460 996 544 χωρίον
1019 451 1101 543 πρὸς
1122 478 1158 520 ι·

147 569 445 632 ΕΚΖΛΗΜΘΝ
464 563 673 649 πολύγωνον.
710 568 827 649 μείζων
852 562 889 630 δὲ
912 559 1086 630 ὁΑΒΓΔ
1106 586 1124 628 κ

112 679 225 751 οκλος
252 673 312 738 τού
341 671 377 737 ἐν
401 666 491 761 αύτῷ
514 667 728 755 πολυγώνου·
757 674 868 753 μεῖζον
897 665 963 757 ἄρα
991 665 1047 734 καὶ
1070 664 1107 734 τὸ
1163 712 1170 718 .

147 783 271 867 χωρίον
304 778 365 842 τού
398 781 697 857 ΕΚΖΛΗΜΘΝ
724 773 932 862 πολύγωνον.
989 771 1075 842 ἀλλὰ
1144 809 1170 829 ‚⁵

83 934 86 939 -
148 889 297 952 ἔλαττον·
323 882 404 970 ὅπερ
428 880 518 948 ἐστὶν
541 877 720 949 ἀδύνατον.
767 878 830 949 ούκ
853 878 919 970 ἄρα
943 880 1034 948 ἐστὶν
1058 877 1103 959 ὡς
1122 902 1164 945 τ

147 988 214 1057 ἀπὸ
238 992 296 1074 τῆς
310 995 379 1055 ΒΔ
401 985 612 1075 τετράγωνον
635 986 719 1073 πρὸς
741 984 778 1054 τὸ
799 984 865 1055 ἀπὸ
884 989 943 1073 τῆς
957 993 1035 1072 ΖΘ,
1059 1011 1155 1054 οντα

36 1172 38 1177 ,
149 1093 319 1164 ὁΑΒΓΔ
341 1093 463 1173 κύκλος
485 1092 569 1182 πρὸς
591 1092 736 1162 ἔλασσόν
758 1120 789 1160 τι
808 1095 870 1160 τοῦ
884 1098 1020 1160 ΕΖΗΘ
1039 1090 1161 1160 κύκλο

95 1216 129 1266 10
147 1205 282 1289 χωρίον.
319 1197 444 1285 ὁμοίως
467 1199 509 1286 δὴ
529 1200 693 1286 δείξομεν,
718 1196 769 1267 ὅτι
793 1197 874 1267 οὐδὲ
897 1196 942 1279 ὡς
960 1197 997 1268 τὸ
1018 1195 1081 1267 ἆπί.
1104 1205 1136 1265 Ζ
1162 1216 1170 1251 ί

148 1305 231 1395 πρὸς
253 1305 291 1374 τὸ
316 1302 380 1373 ἀπὸ
400 1312 483 1390 ΒΔ,
507 1302 613 1385 οὕτως
637 1302 806 1373 ὁΕΖΗΘ
829 1303 950 1384 κύκλος
968 1301 1052 1393 πρὸς
1070 1308 1130 1371 ἔλα
1147 1341 1160 1359 ⁵

149 1411 212 1480 σόν
234 1438 266 1480 τι
288 1416 349 1479 τού
372 1418 507 1479 ΑΒΓΔ
528 1410 656 1478 κύκλον
678 1415 812 1498 χωρίον.

238 1519 334 1604 Λέγω
359 1516 417 1605 δή,
445 1515 496 1585 ὅτι
520 1513 600 1584 οὐδὲ
628 1513 673 1595 ὡς
698 1515 737 1585 τὸ
760 1514 826 1586 ἀπὸ
849 1521 907 1604 τῆς
930 1524 998 1585 ΒΔ
1021 1516 1104 1604 πρὸς

149 1620 214 1693 ἀπὸ
238 1628 297 1711 τῆς
320 1631 396 1708 ΖΘ,
420 1623 526 1702 οὕτως
549 1618 567 1690 ὁ
592 1628 726 1690 ΑΒΓΔ
748 1622 869 1704 κύκλος
891 1621 976 1712 πρὸς
997 1622 1111 1711 μεῖζόν
1166 1658 1170 1673 ⁵

96 1747 128 1797 15
147 1733 208 1798 τού
231 1737 369 1798 ΕΖΗΘ
390 1728 517 1798 κύκλον
538 1733 672 1817 χωρίον.

215 1843 261 1904 El
286 1835 350 1925 γὰρ
379 1839 542 1921 δυνατόν,
572 1839 655 1935 ἔστω
682 1834 766 1924 πρὸς
793 1843 905 1922 μεῖζον
931 1838 970 1906 τὸ
995 1846 1035 1905 Σ.
1087 1835 1137 1905 ἄν
1155 1865 1168 1888 ’

149 1951 250 2012 παλιν
281 1943 347 2033 ἄρα
381 1943 499 2028 [ἐστὶν]
535 1940 579 2023 ὡς
611 1941 648 2010 τὸ
682 1939 747 2010 ἀπὸ
780 1946 838 2029 τῆς
867 1951 927 2011 ΖΘ
954 1948 1126 2033 τεπρύγων
1145 1970 1161 1998 ⁰

28 2107 31 2112 .
148 2049 232 2136 πρὸς
254 2050 293 2118 τὸ
317 2047 382 2119 ἀπὸ
406 2055 464 2138 τῆς
488 2056 568 2134 ΔΒ,
600 2046 706 2128 οὕτως
732 2046 769 2115 τὸ
793 2057 828 2116 Σ
848 2054 974 2138 χωρίον
997 2049 1082 2139 πρὸς
1103 2075 1121 2116 τ

28 2175 33 2218 ⁵·
150 2161 283 2223 ΑΒΓΔ
300 2155 434 2225 κύκλον.
469 2152 544 2223 ἄλλ’
565 2152 611 2235 ὡς
623 2153 661 2223 τὸ
676 2162 711 2221 Σ
721 2160 847 2244 χωρίον
860 2154 944 2242 πρὸς
957 2153 1017 2223 τὸν
1032 2164 1064 2222 Α
1070 2152 1167 2222 BH

12 2276 27 2316 ἰ
96 2277 130 2326 20
148 2260 285 2346 κύκλον,
309 2258 415 2340 οὕτως
439 2258 456 2328 ὁ
481 2268 616 2328 ΕΖΗΘ
637 2260 759 2341 κύκλος
781 2258 865 2349 πρὸς
888 2260 1027 2329 ἔλαττόν
1049 2287 1082 2328 τι
1104 2277 1161 2327 τί

13 2365 32 2404 ¹
148 2372 283 2434 ΑΒΓΔ
309 2366 435 2435 κύκλον
457 2372 596 2453 χωρίον·
623 2367 679 2433 καὶ
707 2366 753 2446 ὡς
782 2365 907 2453 ἄρατὸ
932 2364 998 2435 ἀπὸ
1022 2372 1082 2453 τῆς
1105 2369 1152 2433 Z

13 2519 20 2564 ⁵
149 2470 233 2561 πρὸς
254 2470 292 2539 τὸ
321 2469 387 2539 ἀπὸ
409 2474 469 2557 τῆς
490 2477 576 2556 ΒΔ,
605 2468 711 2550 οὕτως
739 2469 757 2540 ὁ
782 2479 917 2540 ΕΖΗΘ
939 2476 1060 2553 κύκλος
1083 2497 1135 2562 πρ

12 2593 25 2682 3
149 2577 292 2647 ἔλασσόν
315 2602 347 2644 τι
364 2585 427 2645 τοῦ
440 2580 574 2644 ΑΒΓΔ
590 2575 716 2645 κύκλον
730 2585 868 2664 χωρίον·
893 2579 975 2665 ὅπερ
994 2578 1139 2648 ἀδύνατι

13 2723 21 2780 ⁵¹
150 2685 295 2771 ἐδείχθη.
346 2680 407 2751 ούκ
434 2681 500 2768 ύρκ
528 2684 619 2750 ἐστὶν
648 2681 692 2764 ὡς
718 2682 755 2751 τὸ
785 2683 850 2752 ἀπὸ
878 2697 936 2772 τῆς
959 2693 1028 2753 ΒΔ
1054 2712 1132 2773 πεπρ

14 2791 22 2852 λ
96 2807 130 2856 25
149 2817 262 2875 γωνον
285 2788 369 2880 πρὸς
390 2787 428 2858 τὸ
452 2785 517 2857 ἀπὸ
540 2793 598 2875 τῆς
617 2796 693 2875 ΖΘ,
717 2788 822 2871 οὕτως
845 2789 863 2860 ὁ
889 2798 1022 2860 ΑΒΓΔ
1044 2791 1124 2859 κύκλ

29 2929 30 2940 2
149 2895 234 2982 πρὸς
256 2896 367 2983 μεῖζόν
395 2921 426 2962 τι
448 2899 510 2963 τοῦ
535 2902 670 2963 ΕΖΗΘ
698 2895 825 2964 κύκλον
847 2905 980 2987 χωρίον.
1027 2901 1117 2986 ἐδείχ

21 2988 30 3058 ¹3
151 2992 199 3087 δέ,
223 3001 274 3070 ὅτι
298 3000 378 3070 οὐδὲ
400 3000 484 3091 πρὸς
507 3007 662 3070 ἔλασσον·
686 3007 776 3070 ἔστιν
799 3001 865 3092 ύρα
889 3001 934 3084 ὡς
955 3002 993 3073 τὸ
1018 3002 1085 3073 ἀπὸ
1109 3041 1110 3047 ¹

28 3099 29 3103 ¹
150 3114 219 3175 ΒΔ
235 3107 446 3196 τετράγωνον
465 3106 548 3194 πρὸς
565 3107 602 3177 τὸ
623 3105 687 3176 ἀπὸ
702 3112 761 3196 τῆς
776 3116 851 3195 ΖΘ,
876 3108 983 3191 οὕτως
997 3108 1015 3178 ὃ
1031 3118 1098 3178 ΑΒ

26 3217 29 3258 ³
149 3213 271 3295 κύκλος
292 3212 376 3304 πρὸς
398 3214 459 3284 τὸν
482 3222 618 3283 ΕΖΗΘ
640 3214 772 3283 κύκλον.

173 3418 176 3423 ,
222 3362 248 3413 3.
268 3353 300 3412 ἐν
318 3352 408 3432 αύτῷ]
427 3358 663 3417 ΑΞΒΟΓΠΔΡ
678 3359 712 3414 V.
784 3365 809 3414 4.
829 3360 944 3431 μείζων]
964 3375 1033 3414 corr.
1054 3376 1087 3414 ex

145 3428 251 3493 ἴονω.
273 3432 287 3481 1
307 3428 369 3485 BV.
435 3435 459 3484 Β.
479 3429 545 3499 καί]
565 3445 650 3500 supra
668 3449 704 3484 m.
725 3427 786 3486 ΘΒ.
844 3437 867 3485 7.
888 3427 976 3502 ἐστίν]
996 3431 1083 3486 οπωλ
