2340 3818
460 148 641 199 APPENDIX
660 148 694 198 Π.
1016 144 1081 207 417

70 293 153 355 ἔστω
181 285 202 372 ἡ
229 293 304 372 ΚΓ,
331 287 387 354 καὶ
415 285 511 375 ἤχθω
538 286 603 354 άπὸ
632 290 693 353 τοῦ
716 292 750 352 Κ
775 291 914 372 σημείου
942 287 994 354 ἐπὶ
1021 290 1083 371 τὴν

71 398 141 461 ΑΓ
162 393 305 472 κάθετος
331 389 352 479 ἡ
380 398 448 459 ΚΛ
475 393 531 460 καὶ
559 391 773 478 ἐκβεβλήσθω
801 391 854 459 ἐπὶ
881 389 918 459 τὸ
947 400 1001 478 Μ,
1028 393 1084 459 καὶ

72 497 323 584 ἐπεζεύχθωσαν
350 503 389 565 αί
413 504 493 583 ΚΓ,
521 504 601 566 ΓΜ.
651 498 788 584 ἑκατέρα
819 495 884 584 άρα
913 499 980 566 τῶν
1008 504 1083 583 ΚΓ,

72 611 151 672 ΓΜ
168 603 369 690 πολυγώνου
397 603 599 691 ἰσοπλεύρου
626 604 696 673 ἐστὶ
722 602 847 690 πλευρὰ
870 607 931 671 τού
955 608 1001 682 είς
1023 601 1085 671 τὸν

73 717 205 779 ΑΒΓΔ
228 711 491 799 ἐγγραφομένου.
536 711 592 778 καὶ
620 710 689 778 ἐπεὶ
717 709 928 797 παράλληλός
951 712 1041 778 ἐστιν
1063 707 1084 796 ἡ

73 825 142 885 ΗΘ
163 821 202 906 τῇ
226 824 318 903 ΚΜ,
341 813 361 903 ἡ
387 817 425 885 δέ
443 823 511 884 ΗΘ
534 816 711 902 ἐφάπτεται
733 827 794 883 τοῦ
814 823 876 882 ΕΖ
898 817 1040 901 κύκλου,
1063 812 1084 901 ἡ

74 930 157 990 ΚΜ
174 922 240 1011 άρα
263 922 324 992 ούκ
348 922 526 1011 ἐφάπτεται
548 926 609 990 τοῦ
628 930 693 989 ΕΖ
714 921 849 989 κύκλου.
884 926 995 1013 πολλοί
1020 920 1097 1010 άρα·

74 1028 234 1119 ούδετέρα
260 1034 329 1098 τάν
356 1035 436 1115 ΚΓ,
469 1035 546 1096 ΓΜ
569 1018 745 1114 ἐφάπτεται
772 1032 834 1096 τού
863 1035 925 1095 ΕΖ
951 1028 1086 1096 κύκλου.

75 1134 135 1203 ἐάν
154 1135 220 1223 άρα
238 1140 278 1223 τῇ
294 1142 363 1203 ΚΓ
372 1139 566 1224 περιφερείᾳ
581 1142 654 1214 ίσας
667 1139 877 1221 περιφερείας
891 1130 1088 1221 ἀφαιρῶμεν

74 1240 157 1307 κατά
181 1239 218 1308 τὸ
244 1242 316 1326 ἑξῆς
334 1241 389 1307 καὶ
409 1239 663 1327 ἐπιζευγνύομεν
683 1236 828 1324 εύθείας,
852 1244 944 1307 ἐσται
963 1244 1009 1319 είς
1026 1237 1088 1307 τὸν
1105 1280 1108 1286 -

75 1351 208 1413 ΑΒΓΔ
230 1347 355 1415 κύκλον
373 1346 572 1432 πολύγωνον
596 1345 798 1433 ίσόπλευρον
821 1349 1088 1433 ἐγγεγραμμένον

74 1451 120 1538 μὴ
144 1457 258 1534 ψαῦον
280 1457 341 1522 τοῦ
364 1454 545 1534 ἐλάσσονος
566 1452 693 1520 κύκλου
715 1464 776 1521 τοῦ
800 1460 877 1537 ΕΖ,
908 1453 964 1520 καὶ
987 1479 1089 1539 φανε-

75 1557 153 1645 ρόν,
186 1559 238 1627 ὅτι
268 1559 306 1628 τὸ
340 1560 594 1647 ἐγγραφόμενον
622 1559 822 1644 πολύγωνον
850 1557 1090 1647 άρτιόπλευρόν

76 1668 181 1732 ἐστιν·
206 1664 287 1754 ὅπερ
311 1670 378 1734 ἔδει
403 1669 516 1747 δεῖξαι.

144 1876 225 1945 Δύο·
244 1883 398 1965 σφαιρῶν
421 1880 497 1966 περὶ
515 1877 552 1947 τὸ
573 1876 654 1945 αὐτὸ
673 1879 813 1966 κέντρον
833 1875 944 1946 ούσῶν
964 1882 1010 1958 είς
1027 1876 1089 1963 τὴν
1110 1889 1144 1938 16

77 1988 212 2069 μείζονα
235 1998 383 2071 σφαῖραν
406 1983 542 2072 στερεὸν
564 1984 753 2071 πολύεδρον
775 1980 797 2069 ἢ
819 1984 875 2052 καὶ
899 1983 1091 2068 άρτιόπλευ-

77 2115 141 2174 ρον
165 2092 328 2176 ἐγγράψαι
351 2089 395 2177 μὴ
418 2094 531 2170 ψαύον
553 2093 612 2176 τῆς
636 2088 816 2168 ἐλάσσονος
839 2095 983 2178 σφαίρας
1006 2088 1087 2157 κατά

76 2194 140 2280 τὴν
165 2197 371 2281 ἐπιφάνειαν.

146 2304 396 2369 ἐννοείσθωσαν
425 2304 487 2370 δύο
511 2315 653 2388 σφαῖραι
679 2298 755 2386 περὶ
777 2297 814 2367 τὸ
843 2296 924 2367 αύτδ
953 2301 1092 2387 κέντρον

79 2400 180 2475 ούσαι
202 2405 239 2474 τὸ
265 2417 304 2474 Α.
346 2412 400 2475 δεῖ
421 2406 462 2493 δὴ
487 2411 534 2485 είς
556 2405 619 2491 τὴν
637 2409 771 2492 μείζονα
789 2416 938 2491 σφαῖραν
957 2403 1093 2492 στερεδν

79 2515 269 2599 πολύεδρον
296 2514 351 2579 καὶ
374 2509 616 2600 άρτιόπλευρον
645 2509 816 2597 ἐγγράψαι
832 2508 877 2597 μδ]
901 2514 1012 2590 ψαῦον
1035 2514 1094 2596 τῆς

81 2619 263 2696 ἐλάσσονος
286 2623 438 2705 σφαίρας.
475 2617 716 2704 τετμήσθωσαν
736 2619 773 2684 αί
790 2629 930 2703 σφαῖραι
949 2617 1092 2707 ἐπιπίδφ

81 2722 138 2791 διά
157 2721 219 2791 τοῦ
237 2725 387 2811 κέντρου.
419 2723 551 2809 ποιήσει
570 2721 612 2809 δὴ
631 2720 733 2808 τομάς
751 2725 925 2808 μεγίστους
943 2721 1094 2802 κύκλους.

80 2834 215 2897 ποιείτω
243 2828 323 2909 τοὺς
349 2835 496 2914 ΑΒΓΔ,
525 2835 641 2914 ΕΖΗ,
671 2829 727 2895 καὶ
754 2832 836 2895 ἐστω
865 2826 883 2896 ὁ
912 2827 973 2915 μὲν
1000 2834 1095 2896 ΒΓΔ

80 2934 204 3014 κύκλος
227 2937 264 3003 ἐν
286 2937 326 3023 τῇ
351 2940 475 3022 μείζονι
499 2938 644 3024 σφαίρᾳ,
668 2931 686 3002 ὁ
706 2933 743 3001 δέ
762 2937 870 3000 ΕΖΗ
887 2935 924 3002 ἐν
942 2937 981 3022 τῇ
1000 2933 1096 3002 ἐλάσ-

82 3061 169 3109 σονι.
213 3041 269 3107 καὶ
292 3039 454 3126 ἤχθωσαν
476 3030 537 3108 τού
559 3046 657 3107 ΒΓΔ
678 3038 805 3107 κύκλου
833 3039 896 3106 δύο
926 3038 1096 3126 διάμετροι

81 3147 166 3236 πρὸς
188 3145 296 3234 ὀρθάς
326 3145 484 3232 άλλήλαις
511 3149 550 3213 αί
568 3153 647 3232 ΒΕ,
676 3151 745 3213 ΓΔ.
790 3146 846 3213 καὶ
874 3145 937 3214 δύο
964 3144 1096 3214 κύκλων

82 3253 158 3339 περὶ
180 3252 217 3320 τὸ
243 3250 325 3321 αύτδ
345 3253 483 3341 κε’ντρον
503 3250 612 3321 ὄντων
630 3258 745 3338 ΒΓΔ,
766 3258 871 3319 ΕΖΗ
886 3255 933 3331 είς
950 3249 1010 3318 τὸν
1029 3256 1096 3337 μεί-

83 3365 163 3441 ζονα
185 3358 311 3426 κύκλον
334 3357 394 3427 τὸν
417 3365 513 3427 ΒΓΔ
535 3357 735 3444 πολύγωνον
760 3356 961 3445 ἰσόπλευρόν
983 3382 1018 3424 τε
1041 3357 1097 3424 καὶ

79 3462 327 3552 ἀρτιόπλευρον
360 3463 581 3554 ἐγγεγράφθω
616 3463 660 3553 μὴ
688 3466 803 3547 ψαῦον
830 3466 895 3530 τού
922 3461 1117 3529 &mmm

129 3579 277 3633 Euclides,
294 3581 346 3622 edd.
360 3582 469 3636 Πείροος
484 3586 507 3627 et
520 3585 617 3638 Mense.
636 3584 682 3627 N.
930 3567 970 3613 Ἢ
