2340 3818
116 157 183 223 364
512 153 732 212 mrennrxl.

117 297 161 380 ὡς
184 296 205 386 ἡ
228 306 292 367 ΒΔ
314 295 398 386 πρὸς
420 296 482 385 τὴν
505 306 584 378 ΒΑ,
608 297 714 378 οὕτως
736 295 757 385 ἡ
782 304 844 366 BA
867 296 953 385 πρὸς
975 294 1037 383 τὴν
1057 301 1119 367 AF.

19 478 29 497 ⁸
117 404 186 474 ἐπεὶ
209 404 275 493 γὰρ
297 401 318 491 ἡ
338 410 404 472 AB
427 402 532 492 ἄκρον
555 404 611 472 καῖ
633 405 738 492 μέσον
756 403 860 490 λόγον
877 404 1033 492 τέτμηται
1049 401 1120 470 κατὰ
1143 424 1146 431 ·

115 511 153 580 τὸ
173 517 212 597 Γ,
234 510 291 579 καὶ
313 517 425 598 μεῖζον
448 509 559 598 τμῆμά
584 511 653 578 ἐστι
676 510 714 578 τὸ
735 516 815 598 AF,
838 515 931 579 ἔστιν
954 509 1020 598 ἅμα
1043 507 1118 597 oter}

116 624 183 685 BA
209 615 293 703 πρὸς
319 614 382 703 τὴν
404 622 480 702 AF,
509 612 616 697 οὕτως
638 612 659 703 ἡ
682 621 751 684 AF
770 613 853 706 πρὸς
873 614 937 704 τὴν
961 621 1032 686 ΓΒ.
1074 623 1119 702 ἴση

81 723 154 791 ὅδὲ
186 721 207 809 ἡ
235 728 305 791 AF
327 725 367 810 τῇ
395 729 478 789 AA·
510 726 602 790 ἔστιν
628 720 694 812 ἄρα
722 719 767 803 ὡς
793 720 815 809 ἡ
842 730 906 791 BA
930 721 1017 810 πρὸς
1042 729 1118 808 AA,

117 827 223 909 οὕτως
254 826 276 916 ἡ
305 834 373 896 AF
400 826 484 915 πρὸς
510 832 585 896 ΓΒ·
618 824 787 896 ιἰνάτιαῖιν
817 825 885 914 ἄρα
916 828 1009 896 ἐστὶν
1040 823 1119 914 oiri]

118 944 183 1002 AA
205 933 287 1023 πρὸς
309 932 371 1021 τὴν
394 941 476 1020 AB,
500 932 607 1013 οὕτως
629 931 650 1021 ἡ
674 939 742 1002 ΒΓ
760 932 843 1023 πρὸς
865 931 928 1021 τὴν
950 940 1026 1003 ΓΑ·
1053 953 1119 1003 συν·

15 1070 27 1095 0
116 1041 213 1109 θέντι
244 1038 309 1126 ἄρα
336 1038 427 1107 ἐστὶν
455 1036 500 1120 ὡς
525 1039 547 1126 ἡ
576 1046 642 1107 AB
671 1039 755 1127 πρὸς
781 1037 843 1126 τὴν
870 1046 949 1126 BA,
979 1037 1120 1127 οὕτωςὴ

116 1153 178 1214 BA
200 1144 283 1233 πρὸς
302 1151 377 1214 AF.
414 1153 470 1232 ἴση
495 1146 535 1213 δέ
555 1147 646 1214 ἐστιν
665 1145 686 1233 ἡ
707 1153 774 1213 ΔΑ
786 1148 836 1235 τῇ
855 1150 932 1213 AF·
957 1149 1048 1215 ἔστιν
1066 1145 1120 1234 ἄρα

65 1274 97 1321 10
117 1250 163 1332 ὡς
194 1251 447 1339 συναμφότερος
477 1249 499 1339 ἡ
525 1257 627 1320 BAF
645 1251 738 1341 ζτιρὸς
769 1251 834 1339 τὴν
859 1260 941 1338 AB,
974 1253 1079 1332 οὕτως
1095 1248 1120 1340 ζὴ

116 1364 178 1425 BA
200 1357 285 1445 πρὸς
302 1364 377 1427 AF.
412 1358 469 1426 καῖ
492 1358 564 1432 ἐπεὶ
582 1359 746 1427 δέδεικται
764 1358 810 1439 ὥς
828 1356 849 1445 ἡ
870 1366 937 1427 ΔΒ
955 1359 1041 1447 πρὸς
1057 1367 1121 1446 BA,

117 1463 224 1542 οὕτως
248 1492 270 1552 η
295 1471 357 1532 BA
383 1463 467 1552 πρὸς
490 1470 565 1551 AF,
594 1472 650 1550 ἴση
679 1464 717 1533 δὲ
739 1461 760 1552 ἡ
786 1470 846 1532 ΓΑ
867 1469 907 1554 τῇ
931 1473 1015 1552 AA,
1043 1471 1122 1534 ἔστιν

116 1567 181 1656 ἄρα
205 1567 249 1650 ὡς
271 1570 293 1658 ἡ
317 1577 385 1638 AB
408 1569 492 1658 πρὸς
513 1569 576 1658 τὴν
601 1578 677 1657 BA,
705 1569 812 1652 οὕτως
840 1571 860 1659 ἡ
880 1579 943 1639 BA
965 1571 1050 1662 πρὸς
1070 1572 1121 1659 τὴν

116 1684 192 1744 ΑΔ.
227 1676 284 1744 καὶ
305 1673 326 1764 ἡ
347 1683 414 1744 ΑΒ
437 1675 503 1765 ἄρα
526 1675 633 1764 ἄκρον
654 1677 710 1745 καῖ
734 1679 838 1765 μέσον
855 1678 962 1765 λόγον
979 1679 1122 1765 τέτμηται

65 1802 96 1851 15
115 1781 198 1851 κατὰ
225 1782 263 1851 τὸ
293 1792 340 1869 A,
370 1783 426 1851 καὶ
453 1781 491 1851 τὸ
519 1789 630 1870 μεῖξον
657 1782 771 1872 τμῆμά
800 1787 891 1853 ἐστιν
917 1784 939 1872 ἡ
969 1786 1003 1867 ἐξ
1032 1783 1121 1874 ἀρχῆς

117 1887 235 1957 εὐθεῖα
257 1886 278 1975 ἡ
303 1896 382 1957 AB·
406 1887 488 1974 ὅπερ
511 1893 579 1957 ἔδει
603 1892 719 1972 ιῖεῑξαι.

612 2089 641 2153 8.

361 2210 418 2275 Ad
440 2209 526 2276 libr.
548 2209 630 2276 XIII
652 2233 756 2296 prop.
782 2211 887 2277 1-5.

188 2335 231 2396 Τί
251 2331 342 2398 ἐστιν
365 2328 605 2413 doctissimi
628 2337 662 2399 τῖ
683 2334 752 2400 ἐστι
775 2332 948 2415 σύνθεσις.

179 2430 355 2515 Ἀνάλυσις
381 2435 443 2523 μὲν
471 2429 535 2505 οὖν
563 2439 633 2506 ἐστι
655 2441 756 2525 λῆψις
778 2440 839 2506 τοῦ
862 2439 1068 2526 ζητουμένου
1087 2435 1124 2516 ὥς

117 2537 391 2628 ὁμολογουμένου
410 2541 466 2610 διὰ
484 2553 553 2612 τῶν
571 2540 774 2613 ἀκολούθων
793 2545 850 2612 ἐπί
863 2568 896 2612 τι
914 2540 1044 2631 ἀληθὲς
1057 2541 1124 2630 ὁμο

64 2666 98 2716 20
117 2647 337 2733 λογούμενον.

187 2830 211 2878 8.
230 2825 292 2880 Hae
311 2825 441 2893 analyses
459 2825 490 2880 in
507 2825 577 2880 meis
595 2825 739 2882 codicibus
754 2825 918 2882 coniunctae
934 2829 1009 2884 sunt.
1037 2828 1126 2898 legun·

115 2898 162 2950 tur
179 2895 210 2950 in
227 2895 249 2949 P
268 2895 383 2966 (inquo
402 2896 552 2952 demonstr.
572 2896 621 2952 alt
640 2913 719 2968 prop.
739 2902 756 2951 5
779 2899 888 2953 sextam
909 2899 1051 2969 sequitur)
1068 2897 1127 2968 post

115 2967 384 3023 demonstrationem
398 2967 517 3023 alteram
534 2983 615 3038 prop.
629 2973 647 3023 5
665 2971 762 3038 (supra
780 2987 821 3025 nr.
837 2974 852 3024 ’ἴ
872 2968 1039 3052 signatam),
1062 2969 1091 3023 in
1106 2965 1126 3019 B

114 3040 180 3108 post
198 3052 277 3106 prop.
298 3043 323 3105 6,
341 3038 407 3092 inb
425 3040 491 3107 post
508 3055 588 3108 prop.
610 3044 626 3093 5
645 3040 734 3109 (prop.
751 3044 767 3093 6
787 3040 886 3109 deest),
904 3057 934 3094 m
953 3057 973 3108 q
990 3042 1057 3109 post
1069 3053 1127 3109 pro

114 3107 283 3177 positionem
301 3107 384 3165 ineo
403 3111 524 3178 sentem,
543 3125 628 3179 quam
648 3126 733 3180 supra
750 3129 791 3167 nr.
812 3115 827 3165 ’ἴ
846 3110 1035 3182 signauimns3
1059 3110 1090 3164 in
1106 3106 1128 3162 V

115 3178 243 3248 enalyses
261 3195 342 3249 prop.
363 3185 441 3233 1-3
464 3179 494 3234 in
515 3181 596 3236 textu
619 3183 685 3237 sunt
706 3182 773 3251 post
794 3198 874 3251 prop.
898 3187 927 3250 6,
955 3197 1037 3252 prop.
1055 3183 1129 3235 4-5

116 3249 217 3304 eodem
236 3249 298 3304 loeo
317 3266 374 3319 mg.
393 3250 443 3304 inf.
463 3268 500 3306 m.
519 3257 544 3308 2.

186 3409 296 3498 MR]
312 3413 362 3463 BA
380 3407 410 3464 P.
496 3415 522 3464 4.
541 3409 674 3554 BAKAB
693 3428 719 3480 q.
806 3415 831 3466 5.
851 3408 896 3484 δέ]
911 3406 945 3495 ,θ’
965 3410 997 3469 Ρ.
1073 3411 1131 3484 ΔΑ]

63 3552 65 3557 Ι
101 3484 159 3536 AA
175 3481 205 3538 P.
264 3502 320 3555 την
338 3487 389 3539 ΑΔ
407 3479 439 3539 P.
504 3488 533 3539 i.
554 3486 601 3536 ΔΑ
636 3487 687 3535 ΔΒ
700 3483 735 3535 tr.
785 3481 1089 3550 sipXKprmsiomQ
