2340 3818
107 153 174 219 240
478 157 680 208 Συοῑεσιαν
698 152 748 229 ιμ’.

107 295 175 385 άρα
202 325 222 384 η
247 305 325 364 ΑΨ
352 303 472 383 μείζων
500 297 570 365 ἐστὶ
596 301 655 383 τῆς
682 305 762 367 ΑΗ.
806 302 867 365 καί
892 298 985 366 ἐστιν
1013 295 1033 384 ἡ
1062 298 1125 385 μὲν

113 410 192 476 ΑΨ
218 403 271 470 ἐπὶ
297 409 378 490 μίαν
406 407 467 472 τοῦ
496 404 686 488 πολυέδρου
712 403 829 490 βάσιν,
861 400 882 490 ἡ
911 403 950 471 δὲ
972 411 1049 471 ΑΗ
1074 405 1126 472 ἐπὶ

107 507 170 594 τὴν
196 518 255 594 τῆς
278 508 461 589 ἐλάσσονος
489 516 632 598 σφαίρας
656 508 869 596 ἐπιφάνειαν·
897 506 983 577 ῶστε
1005 506 1043 577 τὸ
1067 535 1125 578 πο-

107 614 253 701 λύεδρον
282 615 323 684 ού
350 616 472 697 ψαύσει
499 620 558 706 τῆς
584 615 766 695 ἐλάσσονος
788 620 933 702 σφαίρας
955 613 1039 682 κατὰ
1063 615 1125 704 τὴν

41 774 44 783 .
73 721 317 809 σέπιφάνειαν.

175 828 251 896 Δύο
278 827 344 916 άρα
372 832 527 917 σφαιρῶν
553 830 630 917 περὶ
656 827 694 897 τὸ
728 825 810 896 αὐτὸ
839 829 982 916 κέντρον
1010 825 1123 898 ούσῶν

108 940 155 1014 είς
190 933 252 1021 τὴν
290 941 424 1020 μείζονα
457 949 606 1023 σφαῖραν
638 934 774 1023 στερεὸν
805 933 997 1022 πολύεδρον
1035 936 1119 1022 ἐγγύ

107 1065 250 1128 γραπται
277 1039 322 1127 μὴ
350 1045 463 1122 ψαῦον
491 1046 548 1129 τῆς
576 1041 758 1121 ἐλάσσονος
787 1047 932 1129 σφαίρας
955 1039 1040 1108 κατὰ
1064 1039 1121 1128 τὴν

108 1147 319 1234 ἐπιφάνειαν·
344 1145 424 1236 ὅπερ
448 1152 517 1216 ἐδει
539 1153 685 1235 ποιῆσαι.

55 1359 89 1409 10
518 1343 714 1431 Πόρισμα.

173 1464 252 1533 Ἐάν
276 1466 314 1535 δὲ
336 1467 390 1534 καί
415 1471 462 1546 είς
484 1468 600 1552 ἑτέραν
624 1479 772 1556 σφαῖραν
795 1471 842 1559 τῶ
867 1470 904 1536 ἐν
927 1471 967 1555 τῇ
992 1472 1122 1535 ΒΓΔΕ

109 1578 235 1662 σφαίρᾳ
268 1577 388 1665 στερεῷ
421 1574 594 1664 πολυέδρφ
624 1571 744 1659 ὅμοιον
771 1572 906 1662 στερεὸν
934 1571 1121 1656 πολύεδρον

108 1680 273 1765 ἐγγραφῇ,
297 1675 391 1745 τὸέν
414 1687 454 1767 τῇ
472 1683 605 1745 ΒΓΔΕ
627 1684 754 1769 σφαίρᾳ
778 1677 914 1767 στερεὸν
935 1678 1123 1765 πολύεδρον

107 1782 190 1871 πρὸς
216 1782 254 1851 τό
284 1787 321 1851 ἐν
348 1795 388 1872 τῇ
417 1785 512 1874 ἑτέρᾳ
535 1788 662 1874 σφαίρᾳ
685 1785 821 1872 στερεὸν
844 1783 1036 1871 πολύεδρον
1058 1810 1123 1871 τρι

56 1902 89 1950 15
109 1895 273 1957 πλασίονα
307 1888 411 1974 λόγον
444 1894 527 1975 ἔχει,
559 1887 642 1977 ἤπερ
674 1887 695 1975 ἡ
728 1893 786 1976 τῆς
815 1894 948 1957 ΒΓΔΕ
979 1895 1123 1978 σφαίρας

108 1995 285 2083 διάμετρος
316 1993 400 2084 πρὸς
431 1993 494 2082 τὴν
525 2000 583 2082 τῆς
615 1997 728 2083 ἑτέρας
761 2002 904 2084 σφαίρας
932 1995 1122 2084 διάμετρον.

109 2104 351 2187 διαιρεθέντων
379 2100 444 2190 γάρ
471 2104 540 2169 τῶν
565 2112 707 2189 στερεῶν
731 2106 778 2182 είς
800 2099 859 2181 τάς
882 2100 1123 2189 ὁμοιοπληθεῖς

107 2206 163 2272 καὶ
207 2204 416 2293 ὁμοιοταγεῖς
455 2211 645 2294 πυραμίδας
694 2212 827 2275 ἔσονται
869 2211 906 2275 αί
940 2214 1123 2296 πυραμίδες

108 2310 230 2398 ὅμοιαι.
269 2315 306 2379 αί
327 2311 364 2379 δὲ
388 2313 503 2397 ὅμοιαι
526 2319 709 2402 πυραμίδες
731 2313 815 2403 πρὸς
838 2314 984 2400 ἀλλήλας
1002 2318 1040 2384 ἐν
1060 2342 1124 2403 τρι-

55 2430 90 2480 20
108 2424 265 2485 πλασίονι
298 2417 386 2508 λόγῳ
418 2418 483 2485 είσὶ
510 2423 577 2486 τῶν
607 2417 782 2507 ὁμολόγων
810 2424 977 2504 πλευρῶν·
1009 2419 1031 2509 ἡ
1060 2420 1125 2510 άρα

107 2528 263 2609 πυραμίς,
285 2514 325 2608 ἧς
348 2523 446 2609 βάσις
468 2525 529 2610 μέν
553 2527 621 2592 ἐστι
644 2525 682 2595 τὸ
706 2533 846 2593 ΚΒΟΣ
866 2527 1125 2616 τετράπλευρον,

107 2627 239 2717 κορυφὴ
260 2628 297 2697 δὲ
315 2628 352 2697 τὸ
370 2638 402 2697 Α
421 2644 570 2717 σημεῖον,
588 2632 672 2720 πρὸς
689 2630 751 2719 τὴν
771 2636 807 2701 ἐν
825 2636 866 2721 τῇ
881 2634 976 2722 ἑτέρᾳ
995 2641 1123 2724 σφαίρᾳ

108 2732 289 2823 ὁμοιοταγῆ
318 2741 490 2825 πυραμίδα
516 2745 736 2824 τριπλασίονα
758 2738 862 2826 λόγον
885 2745 967 2826 ἔχει,
994 2738 1124 2828 ἥπερὴ

108 2839 272 2928 ὁμόλογος
294 2843 420 2933 πλευρά
448 2843 533 2932 πρὸς
559 2843 621 2931 τὴν
645 2842 814 2931 ὁμόλογον
836 2844 1001 2930 πλευράν,
1029 2873 1124 2914 τουτ-

54 2961 88 3009 25
107 2950 197 3014 ε’στιν
230 2948 313 3037 ἥπερ
342 2947 362 3034 ἡ
391 2956 456 3017 ΑΒ
485 2952 520 3016 ἐκ
547 2960 608 3018 τοῦ
635 2952 776 3038 κέντρου
807 2955 864 3036 τῆς
894 2956 1039 3039 σφαίρας
1065 2956 1124 3038 τῆς

107 3056 181 3141 περὶ
205 3056 344 3141 κέντρον
367 3055 404 3123 τὸ
424 3063 457 3122 Α
478 3053 561 3143 πρὸς
584 3055 646 3142 τὴν
670 3059 705 3124 ἐκ
727 3061 788 3124 τοῦ
811 3058 953 3145 ιιέντρου
974 3062 1034 3143 τῆς
1058 3059 1124 3126 ἑτέ-

181 3275 204 3320 1.
223 3268 297 3338 ΑΨ]
328 3271 389 3322 ΟΨ
406 3287 431 3336 q.
541 3275 566 3323 4.
585 3265 675 3335 ψαύει
693 3270 723 3324 Ρ,
832 3275 856 3323 5.
877 3269 940 3338 Seq.
969 3271 1122 3325 demonstr.

107 3338 206 3404 altera,
224 3358 250 3392 u.
270 3356 334 3408 app.
408 3346 433 3394 9.
452 3340 582 3412 ποιῆσαι]
601 3342 694 3406 δεῖξαι
711 3340 809 3395 Theon
823 3341 935 3409 (Bvq).
1010 3349 1051 3396 10.
1071 3339 1123 3396 πό-

107 3410 204 3480 ρισμα]
224 3427 280 3480 mg.
299 3428 337 3468 m.
358 3417 372 3464 1
391 3411 425 3477 Ρς
446 3428 499 3465 om.
519 3412 572 3464 BV
584 3429 609 3478 q.
698 3416 740 3465 14.
757 3409 828 3481 πρὸς
847 3406 879 3466 τὸ
900 3442 934 3452 -
952 3409 1121 3483 πολύεδρον]

99 3498 158 3551 mg.
177 3499 215 3537 m,
237 3481 303 3536 213.
388 3489 430 3538 16.
450 3483 564 3554 στερεάς
584 3482 616 3550 Β,
635 3478 784 3545 ἐλάσσονος
802 3501 829 3551 q.
911 3483 1047 3555 σφαίρας]
1067 3500 1121 3540 om.
