2340 3818
80 152 143 215 11ss
445 151 647 204 Συοωωιιωω
666 146 717 206 ια’.

79 296 165 381 ρεῶν
184 292 523 380 παραλληλεπιπέδων
542 289 831 360 ἀντιπεπόνθασιν
846 296 885 359 αί
896 293 1011 377 βάσεις
1024 304 1093 373 τοῖς

78 397 200 479 ὕψεσιν
237 390 299 481 [ῶν
332 397 369 466 δὲ
401 401 545 483 στερεῶν
580 400 922 485 παραλληλεπιπέδων
953 397 994 465 τά
1025 398 1091 486 ὕψη

78 503 162 589 πρὸς
190 501 299 588 ὀρθάς
322 505 390 571 έστι
414 517 486 583 ταῖς
508 502 648 589 βάσεσιν
673 502 797 589 αὐτῶν,
826 501 1092 572 ἀντιπεπόνθασι

80 610 117 678 δέ
141 613 178 677 αί
198 609 404 694 βάσεις’τοῑς
421 611 560 694 ὕφεσιν,
584 617 641 677 ἴσα
665 610 756 677 ἐστὶν
771 612 908 695 ἐκείνα]·
933 619 1010 679 ἴσον
1029 610 1093 700 ἀρα

44 717 147 786 τέστὶ
175 714 211 783 τὸ
241 723 310 783 ΒΤ
333 714 468 804 στερεὸν
495 720 541 807 τῷ
566 724 646 782 ΛΨ
671 720 802 807 στερεῷ.
853 714 937 784 ἀλλά
964 716 1003 785 τὸ
1033 718 1092 805 μὲν

78 830 146 889 BT
164 826 208 913 τῷ
228 829 295 889 ΒΑ
318 829 394 889 λ’σον
418 823 520 889 ἐστίν·
545 824 602 889 έπί
620 847 655 889 τε
678 820 742 910 γὰρ
765 826 823 908 τῆς
845 820 949 909 αὐτῆς
967 823 1094 910 βάσεως

79 932 172 1013 [είσι]
196 932 254 1014 της
273 934 341 995 ΖΚ
360 929 416 995 καὶ
439 926 505 996 ὑπὸ
529 929 565 996 τὸ
592 926 673 996 αὐτὸ
697 926 783 1008 ὕφος
808 919 871 1012 [ῶν
895 932 933 996 αλ
953 931 1092 1015 έφεστῶ-

80 1052 135 1102 σαι
164 1033 226 1101 οόκ
254 1035 340 1101 είσὶν
371 1036 515 1102 ἐπὶτῶν
543 1032 655 1102 αὐτῶν
679 1032 849 1119 εὐθειῶν].
893 1033 931 1103 τὸ
956 1036 994 1104 δέ
1017 1045 1051 1103 Δ
1068 1050 1083 1079 ¹¹

80 1138 216 1227 στερεὸν
239 1143 285 1232 τῷ
305 1147 376 1209 ΔΓ
395 1143 516 1229 στερεῷ
540 1147 616 1208 ἴσον
640 1143 731 1208 ἐστίν
757 1143 827 1224 [ἐπί
845 1165 881 1208 τε
903 1140 969 1228 γάρ
992 1141 1077 1209 πάλι

27 1267 60 1315 10
78 1250 136 1332 τῆς
159 1244 261 1332 αὐτῆς
284 1244 414 1331 βάσεῶς
437 1250 501 1313 είσι
524 1249 583 1331 της
601 1249 664 1323 ΞΡ
681 1247 737 1313 καὶ
756 1244 822 1314 ὑπὸ
846 1246 884 1314 τὸ
904 1245 988 1314 αὐτὸ
1007 1245 1154 1333 &weg

78 1351 134 1418 καὶ
158 1351 220 1419 οὐκ
243 1353 280 1419 έν
298 1366 370 1432 ταῖς
389 1349 505 1430 αὐταῖς
523 1349 696 1436 εὐθείαις].
732 1353 788 1419 καὶ
806 1350 844 1419 τὸ
860 1360 925 1420 AB
944 1353 1011 1439 ἀρα
1025 1372 1094 1421 στε-

80 1455 160 1543 ρεδν
183 1461 228 1549 τῶ
253 1463 318 1525 ΓΔ
341 1462 462 1549 στερεῷ
488 1460 577 1525 έστιν
601 1467 690 1526 ίσον·
714 1456 795 1545 ὅπερ
820 1462 888 1526 έδει
912 1460 1027 1540 δεῖξαι.

553 1686 618 1754 λε’.

144 1809 232 1878 Ἐάν
261 1803 332 1878 ῶσι
361 1810 433 1878 δύο
461 1816 604 1895 γωνίαι
632 1812 811 1878 ἐπίπεδοι
840 1819 938 1897 ίσαι,
968 1813 1030 1880 έπδ
1052 1817 1151 1880 Ε

28 1939 60 1986 15
79 1921 156 1985 τῶν
193 1920 384 2004 κορυφῶν
420 1914 552 1984 αὐτῶν
589 1917 784 2004 μετέωροι
821 1913 983 1985 εάθεϊαι
1015 1920 1168 1987 ἐτι-..ι-

80 2027 285 2090 σταθῶσιν
318 2031 405 2103 ίσας
437 2027 582 2109 γωνίας
609 2023 865 2110 περιέχουσαι
897 2022 992 2110 μετά
1018 2026 1166 2093 τῦν

80 2130 117 2208 έξ
154 2127 276 2215 ἀρχῆς
309 2127 484 2197 εὐθειῶν
517 2130 706 2214 ἑκατέραν
741 2129 919 2219 ἑκατέρᾳ,
957 2116 1021 2198 ἐπὶ
1053 2127 1166 2199 Ξδ

79 2238 156 2300 τῶν
180 2235 388 2322 μετεώρων
411 2239 546 2323 ληφθῇ
570 2235 742 2322 τυχόντα
766 2249 928 2322 σημεῖα,
951 2237 1016 2304 καλ
1035 2229 1162 2304 άξετ’

81 2337 210 2407 αὐτῶν
238 2341 300 2406 έπὶ
328 2339 372 2407 τά
402 2343 582 2425 έπίπεδοι,
612 2343 652 2408 έν
681 2334 742 2420 οἷς
770 2345 873 2409 εἰσιν
903 2344 945 2409 αἱ
966 2344 1004 2425 έξ
1028 2342 1159 2420 ἀε-

28 2468 61 2515 20
80 2450 149 2533 γῆς
170 2451 328 2532 γωνίαι,
351 2445 517 2512 κάθετοι
540 2444 736 2533 ἀχθῶσιν,
769 2444 843 2515 ἀπὸ
869 2447 911 2515 δέ
932 2452 1012 2517 τῶν
1035 2477 1055 2535 γ
1122 2467 1154 2508 ὃ·

80 2555 263 2637 νομένων
287 2557 461 2638 σημείων
485 2552 526 2618 έν
548 2565 631 2632 τοῖς
655 2553 856 2634 ἐπιπέδοις
880 2553 942 2621 ἐπὶ
965 2552 1035 2635 τάς
1083 2548 1149 2629 ἐξ

81 2656 200 2744 ἀρχῆς
222 2663 368 2742 γωνίας
392 2659 681 2746 ἐπιζευχθῶσιν
706 2657 881 2745 εὐθεῖαι,
913 2666 1000 2739 ίσας
1023 2677 1139 2746 γαλ-

81 2769 169 2843 νίας
191 2765 419 2849 περιέξουσι
443 2763 635 2850 μετὰτῶν
658 2764 873 2852 μετεώρων.

139 2867 313 2937 Ἔστωσαν
346 2869 409 2938 δόο
441 2877 561 2956 γωνίαι
594 2868 830 2958 εὐθύγραμμοι
862 2879 933 2938 ίσαι
966 2874 1006 2939 αἱ
1029 2860 1119 2940 δαίθ’

28 2995 62 3044 25
82 2981 194 3059 ΒΑΓ,
222 2983 338 3061 ΕΔΖ,
366 2974 429 3044 ἀπὸ
458 2975 496 3044 δέ
522 2980 590 3044 τῶν
619 2985 665 3061 Α,
699 2985 732 3043 Δ
761 2981 907 3063 σημείων
935 2978 1111 3064 μετέωροι

81 3079 213 3148 εὐθεῖαι
236 3081 468 3167 ἐφεστάτωσαν
492 3085 530 3149 αί
551 3089 638 3167 ΑΗ,
662 3088 743 3148 ΛΜ
763 3089 837 3161 λ’σάς
858 3088 984 3169 γωνίας
1006 3103 1103 3169 περί·

82 3188 217 3273 ἔχουσαι
240 3187 319 3273 μετὰ
343 3193 411 3256 τῶν
430 3190 463 3268 ἐξ
482 3184 586 3275 ἀρχῆς
604 3185 749 3256 εὐθειῶν
768 3189 927 3276 ἑκατέραν
946 3190 1099 3277 ἑκατέρᾳ,

153 3406 177 3452 2.
197 3396 231 3452 τά
250 3393 323 3469 όψη]
351 3397 384 3452 αί
401 3395 584 3487 ἐφεστηκυῖαι
602 3401 720 3485 Αφςιιελ.
812 3407 836 3456 3.
857 3398 928 3473 ἐστι]
949 3423 985 3471 φ,
1004 3418 1085 3471 comp.

70 3469 96 3532 I),
118 3466 198 3522 ἔστιν
214 3470 251 3538 Ρ,
272 3470 328 3526 είοι
348 3470 411 3527 BV.
489 3475 735 3526 ἀντιπεπόνθασιν
755 3471 816 3527 Pv.
896 3478 923 3527 4.
944 3471 990 3545 δέ]
1012 3486 1086 3543 supr}
