2340 3818
353 159 628 210 ELEMENTORUM
645 160 754 211 LIBER
772 161 818 212 XI.
1048 157 1092 222 49

526 300 647 366 XVIII.

144 405 181 471 si
213 410 304 470 reeta
335 408 376 471 ad
407 408 540 492 planum
571 408 701 493 aliquod
729 407 1004 492 perpendicularis
1034 415 1093 494 est,

73 515 180 580 etiam
205 513 315 577 omnia
337 514 445 597 plana,
473 536 554 598 quae
578 535 636 597 per
659 536 730 579 eam
753 514 920 598 ducuntur,
944 515 984 579 ad
1006 515 1092 581 idem

70 621 213 705 planum
236 619 519 702 perpendicularia
541 625 644 685 erunt.

143 724 230 790 Nam
259 730 348 790 recta
370 731 434 790 AB
463 726 503 792 ad
531 727 665 811 planum
693 727 863 792 subiacens
886 728 1094 812 perpendicu-

77 831 161 894 laris
184 831 236 895 sit.
279 830 360 914 dieo,
384 833 482 896 etiam
507 833 616 897 omnia
639 832 745 917 plana,
768 855 850 917 quae
874 854 932 917 per
951 837 1016 897 AB
1039 833 1094 898 du·

79 939 208 1021 eantur,
231 937 272 1000 ad
295 938 429 1021 planum
453 939 621 1003 subiacens
645 938 924 1022 perpendicularia
947 961 1026 1004 esse.

146 1041 281 1106 ducatur
310 1043 396 1107 enim
419 1066 476 1128 per
499 1048 564 1108 AB
587 1045 721 1127 planum
745 1048 825 1127 AE,
854 1049 887 1109 et
913 1047 1093 1110 communis

74 1147 180 1212 sectio
213 1149 303 1231 plani
333 1154 404 1214 ΛΕ
433 1154 466 1214 et
498 1150 696 1214 subiacentis
729 1151 772 1214 stt
801 1153 877 1233 PE,
909 1155 942 1214 et
968 1152 1003 1215 in
1031 1155 1096 1216 PE

74 1257 226 1319 sumatur
249 1257 405 1336 punctum
428 1254 559 1338 aliquod
579 1259 619 1338 Z,
643 1258 676 1318 et
699 1254 739 1318 ab
760 1258 787 1317 Z
810 1253 850 1318 ad
873 1257 937 1318 PE
957 1277 1094 1340 perpen-

98 1404 124 1462 Δ
186 1406 214 1462 Η
266 1406 293 1460 Α
453 1359 767 1442 dicularisinplano
784 1364 853 1423 AE
869 1359 1003 1425 dueatur
1018 1365 1093 1426 ZH.

451 1469 483 1528 et
511 1466 664 1549 quoniam
687 1471 752 1531 AB
782 1465 822 1530 ad
853 1466 986 1549 planum
1020 1469 1093 1532 sub-

118 1469 380 1748 μ
449 1571 557 1636 iacens
571 1572 845 1656 perpendicularis
860 1576 924 1656 est,
938 1574 1037 1637 etiam
1053 1575 1094 1637 ad

88 1731 113 1784 1„
123 1622 379 1758 ,Ι-
391 1727 415 1776 E
451 1697 561 1742 omnes
585 1681 691 1742 rectas
715 1700 787 1742 eam
810 1681 983 1762 tangentes
1007 1679 1093 1742 etin

84 1756 381 1895 m
449 1783 547 1867 plano
559 1784 739 1849 subiacenti
747 1786 872 1867 positas
882 1784 1093 1867 perpendicu-

450 1889 528 1954 laris
549 1893 600 1953 est
619 1895 684 1954 AB
705 1890 779 1970 [def.
794 1891 840 1969 3}
877 1911 975 1973 quare
995 1890 1093 1955 etiam

78 1995 121 2060 ad
145 1997 208 2058 ΓΕ
228 1995 505 2078 perpendIoularis
528 1999 586 2059 est.
623 1997 733 2078 itaque
757 1998 892 2070 [ΑΒΖ
910 1998 1016 2060 rectus
1036 2001 1093 2063 est.

77 2122 193 2166 uerum
222 2101 321 2165 etiam
348 2105 485 2176 [ΗΖΒ
513 2105 621 2166 rectus
649 2105 708 2165 est.
758 2101 868 2185 itaque
897 2105 962 2166 AB
986 2107 1093 2168 rectae

78 2209 150 2270 ΖΗ
170 2206 327 2288 parallela
350 2210 400 2271 est
424 2206 466 2290 [I,
480 2208 548 2288 28].
584 2211 649 2271 ΑΒ
673 2211 780 2271 autem
805 2207 845 2270 ad
867 2208 999 2291 planum
1019 2210 1093 2274 sub-

79 2313 188 2376 iacens
212 2311 487 2396 perpendicularis
511 2317 569 2376 est.
615 2313 725 2397 itaque
748 2313 846 2376 etiam
870 2316 937 2376 ΗΖ
961 2314 1000 2377 ad
1023 2313 1094 2399 pla-

77 2440 158 2483 num
191 2418 361 2482 subiacens
388 2417 663 2503 perpendicularis
692 2424 742 2483 est
772 2421 879 2501 [prop.
907 2417 1010 2500 VHI].
1061 2424 1095 2484 et

77 2524 214 2610 planum
247 2523 288 2587 ad
320 2523 455 2607 planum
481 2523 743 2608 perpendiculare
771 2527 834 2608 est,
867 2525 894 2588 si
927 2529 1032 2589 rectae
1059 2526 1093 2591 in

78 2629 184 2695 altero
207 2629 308 2712 plano
331 2629 371 2694 ad
394 2651 596 2694 communem
623 2630 797 2715 planorum
826 2629 1001 2694 sectionem
1023 2653 1093 2714 per·

77 2735 302 2820 pendiculares
332 2734 445 2800 ductae
474 2736 515 2800 ad
541 2737 701 2822 reliquum
727 2737 862 2821 planum
884 2736 1094 2820 perpendIcu

77 2842 163 2906 lares
183 2844 259 2905 sunt
279 2841 354 2920 [def.
368 2842 413 2922 4].
450 2845 484 2906 et
502 2842 760 2908 demonstratum
779 2847 841 2926 est,
861 2847 931 2906 ZH
940 2843 975 2907 in
990 2844 1093 2910 altero

77 2947 176 3032 plano
192 2951 266 3011 ΛΕ
283 2948 323 3011 ad
342 2968 545 3013 communem
563 2951 735 3033 planorum
750 2951 926 3014 sectionem
941 2951 1005 3013 ΓΕ
1021 2972 1093 3033 per·

76 3052 318 3136 pendicularem
350 3053 480 3119 ductam
513 3056 553 3119 ad
585 3056 722 3140 planum
759 3055 927 3121 subiacens
959 3077 1091 3139 perpen-

149 3225 249 3281 XVIII.
268 3226 403 3283 Eutoeius
421 3228 451 3282 in
469 3229 599 3299 Apollon.
618 3248 645 3299 p.
665 3235 709 3286 23.

96 3473 110 3487 .
160 3408 203 3459 24.
222 3404 279 3527 reip
298 3400 442 3460 ἐπιπέδων
460 3407 529 3479 τομῇ
550 3407 577 3462 b.
660 3407 750 3482 sopp}
767 3413 842 3482 repr]
862 3404 923 3477 droa
941 3428 979 3476 o>-
1064 3405 1127 3470 sl&

76 3493 110 3545 -ῃ
129 3489 145 3526 c
164 3490 234 3528 corr.
278 3515 284 3527 .

123 3569 270 3622 Euclides,
284 3572 333 3612 odd
347 3575 456 3630 Herberg
469 3583 493 3622 et
508 3583 607 3637 Mense.
632 3586 679 3630 IV.
964 3573 987 3618 ἃ
