2340 3818
13 123 54 187 68
360 123 563 176 Σοοῐαοιοα
580 121 632 194 ιμ’.

0 266 81 333 στὶν
100 262 281 332 άδύναπον.
310 262 371 333 οὐκ
391 263 457 352 άρα
476 265 567 333 ἐστὶν
586 261 632 344 ὡς
650 262 671 349 ἡ
691 271 798 333 ΑΒΓ
812 263 911 350 βάσις
927 258 998 352 πρδς
1049 257 1114 315 ’ὃ

10 369 52 458 ὴν
72 378 172 438 ΔΕΖ
195 370 306 457 βάσιν,
326 369 431 451 οὕτως
449 369 470 458 ἡ
491 377 636 439 ΑΒΓΗ
649 371 795 460 πυραμίς
813 370 899 461 πρὸς
917 374 998 439 ἕλνσ
1074 384 1131 405 ·““

0 478 55 546 όν
72 504 104 545 πι
118 488 177 565 τῆς
192 484 327 546 ΔΕΖΘ
345 482 533 566 πυραμίδος
552 480 696 564 στερεόν.
720 475 846 565 ὁμοίως
865 477 908 564 δὴ
925 480 1000 563 δειχ-
1093 496 1145 511 ··

1 584 147 672 ήσεται,
176 581 226 651 ὅτι
256 584 337 652 οὐδὲ
360 582 405 664 ὡς
428 582 449 671 ἡ
474 590 575 651 ΔΕΖ
602 582 700 670 βάσις
722 582 807 672 πρὸς
829 583 894 672 τὴν
912 586 1007 652 ΑΒΓ
1072 571 1159 639 ’Ὗ

0 690 108 777 άσιυ,
134 692 240 772 οὕτως
262 689 283 778 ἡ
309 699 443 759 ΔΕΖΘ
465 692 611 781 πυραμὶς
633 690 718 780 πρὸς
740 690 879 759 ἔλαττόν
902 716 936 759 τι
954 700 1007 775 τῆς
1095 708 1165 763 2ss

13 805 133 866 ΒΓΗ
155 801 343 887 πυραμίδος
366 794 511 886 στερεόν.

61 907 157 990 Λέγω
187 902 245 991 δή,
274 902 325 972 ὅτι
353 907 415 972 οὐκ
443 910 533 972 ἔστιν
562 903 643 973 οὐδὲ
670 901 715 984 ὥς
743 901 764 991 ἡ
789 910 895 972 ΑΒΓ
917 903 1011 991 βάσις
1091 928 1146 984 ρ

19 1008 78 1099 ρδς
100 1008 162 1097 τὴν
182 1017 282 1077 ΔΕΖ
305 1010 418 1097 βάσιν,
443 1009 549 1091 οὕτως
567 1008 588 1096 ἡ
609 1017 752 1078 ΑΒΓΗ
765 1011 914 1098 πυραμίς
930 1010 1011 1099 πρὸς
1090 1036 1168 1091 ἒς

1 1115 110 1202 ,εῑζόν
132 1143 164 1184 πι
187 1121 245 1202 τῆς
269 1124 405 1185 ΔΕΖΘ
427 1121 616 1204 πυραμίδος
639 1116 785 1205 στερεόν.

63 1226 108 1290 El
124 1220 188 1311 γάρ
209 1223 368 1309 δυνατόν,
392 1229 475 1291 ἔστω
494 1222 577 1312 πρὸς
596 1228 708 1311 μεῖζον
725 1222 764 1291 τὸ
779 1232 821 1293 Χ·
844 1220 1014 1292 ἀνάπαλιν
1077 1248 1161 1292 κεν

2 1329 62 1417 ’ρα
90 1330 180 1397 ἐστὶν
207 1326 253 1408 ὡς
279 1327 300 1414 ἡ
325 1337 426 1397 ΔΕΖ
453 1329 550 1416 βάσις
577 1329 662 1418 πρὸς
688 1329 752 1417 τὴν
774 1336 878 1398 ΑΒΓ
903 1330 1013 1416 βάσιν,
1073 1356 1153 1417 e's

4 1433 102 1515 ὕιως
125 1432 162 1502 ιδ
186 1442 221 1500 Χ
240 1434 376 1521 στερεὸν
399 1434 483 1525 πρὸς
504 1434 567 1523 τὴν
590 1442 734 1505 ΑΒΓΗ
752 1440 935 1524 πυραμίδα.
973 1432 1014 1515 ὥς
1063 1462 1147 1516 25

3 1541 35 1609 ιδ
62 1540 100 1609 τὸ
125 1549 158 1609 Χ
177 1539 312 1630 στερεὸν
335 1540 418 1631 πρὸς
445 1541 507 1628 τὴν
530 1549 674 1610 ΑΒΓΗ
691 1546 880 1630 πυραμίδα,
910 1538 1015 1621 οὕτως
1051 1568 1140 1621 ἒς

0 1645 14 1708 ί
39 1655 175 1716 ΔΕΖΘ
197 1648 343 1737 πυραμίς
365 1647 448 1738 πρὸς
467 1648 610 1717 ἔλασσόν
629 1674 660 1716 τι
678 1653 737 1735 τῆς
755 1655 901 1717 ΑΒΓΗ
912 1672 1014 1737 πυρα·
1043 1688 1133 1701 --

24 1758 110 1839 ίδος,
140 1752 185 1834 ὡς
213 1759 405 1841 ἔμπροσθεν
433 1756 581 1843 ἐδείχθη·
612 1755 668 1823 καί
697 1753 742 1835 ὡς
769 1753 835 1841 άρα
860 1752 883 1841 ἡ
913 1758 1128 1823 ΔΕΖζΞ

7 1861 98 1941 ι’άσις
116 1858 199 1951 πρὸς
217 1860 279 1947 τὴν
298 1867 403 1928 ΑΒΓ
415 1861 528 1948 βάσιν,
553 1862 659 1942 οὕτως
676 1859 698 1949 ἡ
718 1868 853 1930 ΔΕΖΘ
871 1860 1123 1950 avenule&

0 1964 83 2055 ρός
107 1967 249 2035 ἔλασσόν
272 1995 303 2036 πι
327 1972 385 2055 τῆς
404 1974 543 2035 ΑΒΓΗ
564 1973 764 2057 πυραμίδος·
788 1966 869 2055 ὅπερ
890 1965 1119 2036 άιοποιΗ-Ἰ

18 2078 145 2160 δείχδη.
197 2071 259 2141 οὐκ
286 2073 352 2163 άρα
380 2075 471 2142 ἐστίν
495 2072 539 2153 ὡς
562 2071 583 2159 ἡ
607 2081 710 2142 ΑΒΓ
728 2073 826 2160 βάσις
847 2072 935 2163 πρὸς
956 2070 1118 2161 τὴν-Δ*

2 2186 103 2246 ΔΕΖ
127 2179 236 2264 βάσιν,
260 2178 366 2259 οὕτως
388 2178 409 2267 ἡ
429 2187 493 2247 ΑΒ
501 2186 574 2247 ΓΗ
586 2180 732 2267 πυραμὶς
753 2177 839 2269 πρὸς
855 2178 971 2267 μεῖζόν
987 2202 1089 2247 ιβ
1102 2194 1118 2235 '⁸

2 2289 61 2370 τῆς
80 2293 217 2352 ΔΕΖΘ
239 2290 426 2371 πυραμίδος
450 2286 594 2376 στερεόν.
632 2288 768 2373 ἐδείχθη
793 2286 841 2372 δέ,
865 2282 919 2354 ὅτι
937 2270 1120 2355 οάδῦδ

1 2388 85 2480 πρὸς
109 2397 260 2459 ἔλασσον.
298 2396 387 2458 ἔστιν
411 2390 477 2479 άρα
500 2391 545 2473 ὡς
567 2390 588 2479 ἡ
607 2398 712 2460 ΑΒΓ
729 2393 826 2477 βάσις
848 2391 935 2480 πρὸς
956 2388 1122 2479 τὴν-Π

3 2504 107 2564 ΔΕΖ
144 2496 260 2583 βάσιν,
299 2494 404 2577 οὕτως
440 2496 460 2585 ἡ
492 2504 636 2567 ΑΒΓΗ
667 2498 812 2585 πυραμὶς
842 2495 928 2587 πρὸς
958 2494 1125 2585 τὴν-ἰν

4 2610 140 2672 ΔΕΖΘ
162 2608 345 2690 πυραμίδα·
370 2602 450 2691 ὅπερ
474 2608 542 2672 ἔδει
567 2607 680 2687 δεῖξαι.

492 2853 534 2923 ς’.

73 2978 125 3042 Αί
151 2973 225 3043 ὑπὸ
253 2975 294 3045 πὸ
325 2975 420 3045 αὐτὸ
449 2976 549 3057 ὕψος
578 2968 693 3045 οὖσαι
715 2978 935 3064 πυραμίδες
956 3000 1000 3041 κα
1040 2957 1123 3031 ³3

7 3082 268 3167 πολυγώνους
287 3088 448 3170 ἔχουσαι
467 3081 715 3172 βάσειςπρὸς
729 3081 902 3170 άλίήίας
916 3079 1043 3151 εἰσίτ-
1098 3091 1119 3135 v

7 3182 122 3266 άςοιί
143 3186 285 3273 βάσεις.

79 3388 104 3436 2.
124 3380 238 3438 ἔλαττον
257 3385 291 3439 V.
365 3391 389 3440 3.
409 3384 535 3455 ΔΕΖΘ]
556 3386 580 3439 Θ
600 3400 667 3440 eras.
686 3383 721 3450 P;
742 3384 892 3439 ΔΕΖΗΘ
908 3399 935 3451 q.

2 3452 138 3522 δείξομεν
160 3452 189 3509 V.
265 3460 288 3512 6.
311 3452 430 3513 ίίαοοον
449 3456 481 3512 Β.
554 3463 598 3510 U.
616 3450 636 3523 ἡ
655 3449 772 3527 βάῦιςῆ
792 3457 874 3509 ΔΕΖ
891 3452 947 3521 Vq·
