2340 3818
338 147 613 198 ELEMENTORUM
630 148 739 198 LIBER
757 149 805 200 XI.
1035 146 1078 210 79

130 284 182 350 Sit
201 286 280 351 data
298 292 386 352 reeta
400 292 465 352 ΑΒ
485 293 517 352 et
535 288 647 352 datum
667 290 735 353 eius
754 294 909 374 punotum
924 298 965 375 Α,
984 293 1079 356 datus

54 397 171 457 autem
195 393 335 477 angulus
360 394 482 458 solidus
506 395 548 476 is,
571 396 627 478 qui
650 395 691 458 ad
711 400 745 458 Λ
762 397 889 479 positus
909 400 958 461 est
978 419 1078 483 angu-

54 499 102 563 lis
125 500 232 583 planis
256 504 376 584 ΒΔΓ,
399 505 514 585 ΕΛΖ,
534 504 638 565 ΖΛΓ
656 502 916 586 comprehensus.
948 508 1079 586 oportet

56 606 165 690 igitur
195 607 236 670 ad
267 610 390 671 rectam
418 611 485 672 AB
518 611 551 672 et
581 612 737 690 punctum
766 609 834 672 eius
863 614 895 671 Α
922 610 1079 692 angulum

56 711 202 776 solidum
231 716 418 779 construere
447 713 551 778 solido
579 714 714 797 angulo,
747 715 801 797 qui
830 713 871 778 ad
896 719 928 777 Δ
951 716 1078 797 positus

55 822 127 901 est,
150 819 329 901 aequalem.

128 927 275 988 sumatur
299 924 384 987 enim
408 925 442 988 in
467 928 533 988 ΔΖ
555 929 712 1009 punctum
736 926 867 1010 aliquod
891 930 933 1005 Z,
956 933 989 992 et
1013 951 1031 991 a
1053 932 1081 991 Z

53 1029 99 1094 ad
125 1029 258 1113 planum
276 1034 439 1095 reetarum
458 1035 540 1111 EA,
562 1036 594 1094 Δ
601 1034 633 1095 Γ
647 1033 923 1116 perpendicularis
943 1035 1081 1099 dueatur

54 1138 130 1199 ZH
154 1137 256 1219 [prop.
274 1133 347 1219 ΧΠ,
370 1140 402 1200 et
424 1159 497 1201 oum
520 1137 621 1220 plano
645 1143 817 1203 oonourrat
839 1139 874 1203 in
893 1144 940 1223 H,
966 1144 998 1203 et
1022 1141 1079 1205 du-

55 2191 154 2252 eatur
172 2192 264 2271 ΛΗ,
288 2192 321 2252 et
344 2188 384 2253 ad
407 2191 531 2253 rectam
549 2192 616 2251 AB
639 2191 672 2251 et
689 2192 847 2271 punctum
867 2189 935 2254 eius
956 2196 988 2255 A
1007 2213 1079 2256 eon·

56 2296 206 2358 struatur
233 2297 371 2370 [ΒΑΛ
386 2325 427 2346 =
442 2297 557 2378 ΒΔΓ,
588 2297 729 2368 [ΒΑΚ
744 2325 784 2346 =
799 2299 916 2359 ΒΑΗ
941 2296 983 2380 [L
1010 2298 1079 2381 23],

56 2402 92 2462 et
122 2405 264 2483 ponatur
287 2407 319 2465 A
324 2405 358 2465 K
372 2432 413 2452 =
430 2404 515 2482 ΛΗ,
549 2404 581 2464 et
608 2400 643 2463 in
670 2405 791 2484 punoto
819 2405 853 2465 K
875 2402 915 2465 ad
944 2404 1077 2485 planum

57 2509 219 2570 rectarum
237 2510 319 2590 BA,
336 2512 404 2571 ΑΛ
427 2507 707 2591 perpendicularis
722 2508 867 2592 erigatur
885 2511 952 2571 ΚΘ
972 2511 1076 2592 [prop.

57 2610 152 2696 ΧΠ],
179 2618 213 2677 et
239 2620 381 2696 ponatur
409 2617 474 2677 ΚΘ
490 2644 531 2664 =
546 2616 586 2676 Η
589 2617 630 2696 Ζ,
658 2617 691 2677 et
718 2613 854 2678 dueatur
877 2618 951 2679 ΘΑ.
998 2615 1078 2699 dieo,

58 2717 217 2802 angulum
236 2719 388 2802 solidum,
413 2719 468 2803 qui
486 2719 527 2782 ad
546 2723 578 2782 A
601 2719 727 2801 positus
748 2720 792 2783 sit
810 2720 940 2804 angulis
961 2725 1078 2805 ΒΑΛ,

58 2826 177 2906 ΒΑΘ,
197 2828 303 2889 ΘΑΛ
322 2824 583 2909 comprehensae,
607 2825 775 2908 aequalem
796 2848 865 2890 esse
885 2827 1005 2910 angulo
1025 2849 1077 2892 so-

57 2927 140 3012 lido,
164 2931 219 3013 qui
243 2931 283 2994 ad
302 2936 335 2994 Λ
352 2931 481 3016 positus
506 2931 549 2994 sit
567 2931 694 3015 angulis
714 2934 824 3014 ΒΑΓ,
848 2936 958 3015 ΒΛΖ,
983 2935 1082 2996 ΖΛΓ

57 3034 323 3117 comprehensus.
498 3032 503 3041 ’

127 3140 360 3205 abscindantur
383 3143 468 3206 enim
488 3149 520 3206 Α
527 3147 568 3226 Β,
592 3147 626 3206 Δ
633 3147 665 3206 E
685 3143 772 3206 inter
796 3164 830 3206 se
854 3144 1018 3226 aequales,
1043 3148 1076 3207 et

55 3246 218 3311 ducantur
237 3250 313 3330 ΘΒ,
331 3251 412 3331 ΚΒ,
432 3252 507 3332 ΖΕ,
525 3252 605 3312 ΗΕ.
637 3253 669 3313 et
688 3249 841 3331 quoniam
861 3253 932 3311 ZH
947 3249 987 3312 ad
1006 3249 1076 3330 pla·
1124 3264 1135 3281 ·

54 3344 137 3416 num
170 3353 342 3417 subiacens
369 3354 645 3436 perpendicularis
673 3359 737 3438 est,
769 3354 867 3418 etiam
897 3354 935 3417 ad
965 3376 1076 3418 omnes

55 3463 165 3523 rectas
194 3480 266 3522 earn
293 3462 464 3543 tangentes
493 3463 526 3525 et
552 3461 587 3525 in
613 3461 711 3546 plano
741 3460 931 3527 sulliaoenti
954 3460 1092 3543 positas
