2340 3818
105 153 171 218 282
478 156 681 209 mmmm
698 151 748 226 ιγ’.

105 304 175 366 ΖΑ.
220 294 266 376 ὡς
293 297 331 366 δὲ
358 295 378 384 ἡ
405 302 464 386 τῆς
487 303 561 365 ΜΖ
589 301 689 386 διπλῆ
717 301 801 384 πρὸς
824 299 886 386 τὴν
909 305 988 382 ΖΑ,
1016 295 1119 379 οὕτως

104 404 125 490 ἡ
146 411 217 471 ΜΖ
235 407 323 489 ’πρὸς
344 407 407 492 τὴν
430 403 585 493 ἡμίσειαν
607 411 667 492 τῆς
685 412 760 473 ΖΑ·
781 407 838 474 καὶ
861 403 907 485 ὡς
929 403 998 491 ἄρα
1020 403 1043 491 ἡ
1065 408 1120 489 της

105 517 174 579 AF
203 515 303 600 διπλῆ
334 514 417 597 πρὸς
448 515 510 599 την
539 518 614 598 ΓΑ,
647 510 754 592 οὕτως
784 511 806 598 ἡ
839 518 911 580 ΜΖ
943 509 1030 598 πρὸς
1061 513 1119 596 τὴν

104 615 259 705 ἡμίσειαν
286 623 344 705 τῆς
368 625 437 688 ΖΑ.
482 619 538 686 καὶ
564 622 633 687 τῶν
656 619 830 706 ἑπομένων
851 616 894 686 τὰ
914 615 1051 705 ἡμίσεα·
1078 614 1120 696 ὡς

69 725 170 809 οᾶρα
202 723 223 811 ἡ
256 729 314 813 τῆς
342 732 409 793 ΛΓ
438 728 539 812 διπλῆ
571 728 654 812 πρὸς
684 723 746 812 τὴν
778 723 934 812 ἡμίσειαν
965 728 1026 811 τῆς
1053 729 1118 809 ΓΑ,

104 829 210 912 οὕτως
233 830 254 918 ἡ
274 838 346 899 ΜΖ
368 831 452 920 πρὸς
474 833 512 901 τὸ
535 833 693 917 τέταρτον
714 835 774 919 τῆς
792 839 861 901 ΖΑ.
896 835 958 899 καί
977 833 1049 900 ἐστι
1065 833 1119 917 τῆς

103 938 166 1026 μὲν
189 944 258 1007 AF
277 941 376 1024 διπλῆ
400 936 420 1024 ἡ
441 944 517 1024 ΛΓ,
540 943 599 1025 τῆς
623 938 660 1008 δὲ
676 944 735 1007 FA
758 936 893 1026 ἡμίσεια
915 936 1043 1026 ἡΓΜ,
1065 940 1118 1023 τῆς

105 1044 142 1112 δὲ
171 1051 231 1112 ΖΑ
258 1045 414 1131 τέταρτον
442 1047 542 1133 μέρος
569 1044 590 1133 ἡ
618 1051 697 1114 ΖΚ·
725 1049 817 1114 ἔστιν
844 1043 910 1133 ἅμα
937 1043 984 1125 ὡς
1011 1041 1033 1132 ἡ
1058 1047 1121 1111 ΛΓ

103 1149 186 1235 πρὸς
213 1148 275 1236 την
302 1156 389 1237 ΓΜ,
423 1149 529 1230 οὕτως
557 1150 576 1238 ἡ
605 1150 794 1241 ΜΖπρός
824 1150 887 1239 τὴν
916 1157 991 1219 ΖΚ.
1044 1157 1117 1218 σνν-

52 1276 85 1325 10
102 1257 199 1324 θέντι
225 1257 281 1323 καὶ
310 1254 354 1337 ὡς
381 1257 635 1346 συναμφότερος
660 1258 681 1346 ἡ
707 1263 820 1326 ΔΓΜ
841 1261 926 1346 πρὸς
947 1259 1011 1344 τὴν
1036 1261 1117 1340 ΓΜ,

105 1360 211 1441 οὕτως
237 1361 258 1450 ἡ
284 1370 372 1431 ΜΚ
388 1362 471 1452 πρὸς
494 1371 575 1432 ΚΖ·
603 1365 659 1432 καὶ
686 1364 732 1445 ὡς
754 1363 881 1453 ἄρατὸ
904 1361 971 1432 ἀπὸ
995 1383 1118 1448 συναμ-

104 1471 250 1556 φοτέρου
272 1475 330 1556 της
354 1477 471 1538 ΔΓΜ
487 1470 572 1556 πρὸς
593 1474 632 1540 τὸ
656 1468 722 1539 ἀπὸ
747 1476 834 1555 ΓΜ,
862 1471 970 1551 οὕτως
990 1472 1031 1538 τὸ
1057 1467 1115 1537 ἀπὸ

104 1581 183 1642 ΜΚ
191 1579 287 1664 ,πρὸς
309 1580 347 1644 τὸ
371 1575 436 1646 ἀπὸ
452 1584 526 1646 KZ.
562 1578 618 1645 καὶ
642 1577 712 1646 ἐπεὶ
729 1581 789 1665 τῆς
806 1575 872 1645 ὑπὸ
891 1575 956 1644 δύο
975 1583 1118 1661 πλευρας

103 1686 164 1751 τοῦ
192 1683 410 1770 πενταγώνου
435 1683 692 1770 ὑποτεινούσης,
721 1677 796 1752 οἷον
821 1693 880 1771 τῆς
905 1688 982 1769 AF,
1015 1681 1117 1771 ἄκρον

53 1809 85 1858 15
104 1791 159 1857 καὶ
187 1793 290 1878 μέσον
318 1789 422 1876 λόγον
453 1790 656 1877 τεμνομένης
691 1789 728 1859 τὸ
761 1796 873 1877 μεῖζον
900 1792 1024 1876 τμῆμα
1046 1797 1118 1857 ἴσον

105 1896 173 1964 ἐστὶ
197 1900 237 1985 τῇ
260 1898 322 1964 τοῦ
344 1894 562 1982 πενταγώνου
583 1899 723 1984 πλευρᾷ,
747 1896 896 1964 τουτέστι
919 1899 960 1984 τῇ
981 1901 1060 1982 ΔΓ,
1082 1891 1116 1961 τὸ

105 2002 142 2070 δὲ
174 2009 285 2090 μεῖζον
312 2006 422 2090 τμῆμα
454 2000 648 2091 προσλαβὸν
680 2000 742 2089 τὴν
772 1999 926 2089 ἡμίσειαν
953 2005 1014 2088 τῆς
1042 2000 1118 2088 ὅλης

104 2109 350 2177 πενταπλάσιον
374 2107 515 2177 δυ’ναται
537 2113 598 2177 τοῦ
621 2108 687 2177 νἰπὸ
706 2105 933 2196 της’ἡμισείας
951 2111 1011 2195 τῆς
1030 2106 1118 2194 ὅλης,

103 2220 162 2281 καί
186 2217 276 2283 ἐστιν
305 2213 385 2301 ὅλης
411 2219 470 2302 της
492 2221 561 2283 ΑΓ
584 2212 717 2303 ἡμίσεια
740 2213 761 2301 ἡ
784 2221 871 2301 ΓΜ,
898 2213 935 2283 τὸ
964 2212 1033 2303 ἅμα
1056 2211 1118 2282 ἀπὸ

50 2340 85 2390 20
103 2330 161 2406 τῆς
189 2326 306 2388 ΔΓΜ
329 2318 374 2400 ὥς
401 2326 478 2407 μιᾶς
504 2320 753 2390 πενταπλάσιόν
786 2323 855 2390 ἐστι
881 2331 943 2390 τοῦ
971 2318 1039 2389 ἀπὸ
1063 2324 1119 2406 τῆς

103 2432 183 2494 ΓΜ
225 2424 270 2506 ὡς
294 2426 331 2494 δὲ
353 2429 391 2494 τὸ
415 2425 481 2496 ἀπὸ
504 2431 562 2514 τῆς
585 2433 698 2496 ΔΓΜ
718 2425 763 2507 ὡς
784 2432 862 2515 μιᾶς
884 2425 968 2513 πρὸς
989 2426 1030 2497 τὸ
1055 2428 1118 2495 ἀπὸ

102 2535 161 2618 τῆς
188 2538 274 2618 ΓΜ,
309 2529 414 2612 οὕτως
447 2534 582 2620 ἐδείχθη
613 2536 650 2603 τὸ
684 2532 750 2602 ἀπὸ
778 2538 836 2621 της
861 2539 942 2601 ΜΚ
970 2535 1056 2622 πρὸς
1081 2529 1118 2601 τὸ

103 2635 167 2706 ἀπὸ
190 2642 248 2726 τῆς
271 2646 350 2706 ΚΖ·
373 2638 619 2709 πενταπλάσιον
642 2639 709 2729 ἅμα
731 2639 768 2709 τὸ
792 2639 858 2709 ἀπὸ
881 2644 940 2728 τῆς
959 2645 1040 2708 ΜΚ
1059 2640 1119 2708 τοῦ

103 2743 168 2813 ἀπὸ
192 2749 251 2833 τῆς
269 2751 344 2814 ΚΖ.
385 2748 487 2834 ῥητὸν
512 2746 549 2814 δὲ
571 2746 608 2814 τὸ
633 2744 699 2814 ἀπὸ
721 2750 780 2834 τῆς
802 2753 880 2814 ΚΖ·
904 2748 988 2835 ῥητὴ
1010 2749 1074 2842 γὰρ
1098 2743 1118 2833 ἦ

50 2870 84 2919 25
105 2851 292 2939 διάμετρος·
317 2850 419 2938 ῥητὸν
442 2851 509 2940 ἄρα
531 2852 586 2919 καὶ
609 2854 647 2943 τὸ
671 2849 735 2921 ἀπὸ
758 2856 817 2939 της
835 2843 923 2924 ΜΚ·
947 2855 1031 2942 ῥητὴ
1054 2852 1119 2943 ἄρα

104 2959 194 3026 ἐστὶν
222 2955 242 3044 ἡ
267 2964 346 3025 ΜΚ
367 2956 523 3045 [δυνάμει
546 2957 677 3046 μόνον].
722 2959 777 3026 καὶ
806 2959 875 3027 ἐπεὶ
897 2965 1120 3049 τετραπλασία

104 3063 194 3131 ἐστὶν
221 3061 242 3150 ἡ
267 3071 328 3131 ΒΖ
355 3074 414 3150 τῆς
437 3071 517 3151 ΖΚ,
545 3061 774 3133 πενταπλασία
801 3063 868 3151 ἄρα
891 3064 982 3133 ἐστὶν
1004 3065 1027 3153 ἡ
1052 3073 1122 3135 ΒΚ

102 3173 161 3255 τῆς
180 3177 257 3237 ΚΖ·
282 3170 633 3239 εἰκοσιπενταπλάσιον
656 3169 722 3260 ἅμα
744 3173 782 3241 τὸ
806 3170 871 3240 ἀπὸ
895 3174 953 3259 τῆς
971 3178 1042 3240 ΒΚ
1058 3175 1120 3241 τοῦ

177 3424 200 3474 1.
219 3413 257 3480 ὡς
275 3416 321 3489 δέ]
341 3413 402 3472 ἀλλ’
424 3413 460 3481 ὡς
478 3417 563 3473 BVb.
636 3425 660 3475 2.
680 3424 730 3490 τῆς
747 3421 818 3492 AF]
838 3419 889 3474 τοῦ
903 3424 961 3474 AF
977 3419 1012 3486 V;
1034 3437 1120 3490 supra

99 3504 152 3543 εον,
172 3493 195 3541 A
213 3507 250 3545 m.
272 3489 324 3545 lb.
380 3495 405 3544 4.
424 3485 539 3561 ἡμίσεια
557 3490 578 3545 P
598 3492 627 3546 et
644 3491 673 3559 b,
691 3507 760 3546 corr.
779 3492 809 3546 in
827 3488 912 3561 ἡμίση
931 3497 1012 3556 m.1;
1032 3489 1118 3562 ἡμίση
