2340 3818
449 153 632 206 ΑΡΡωωυΙΧ
650 156 686 206 11.
1007 155 1073 220 405

54 317 156 378 τερον
183 288 267 379 πρὸς
294 297 436 361 ἔλασσον
464 290 501 370 τὸ
531 303 580 379 Α,
608 294 663 362 καὶ
692 294 912 382 ἐγγεγράφθω
941 300 988 376 εἰς
1015 295 1075 365 τὸν

55 404 196 465 ΕΖΗΘ
216 399 342 467 κύκλον
364 398 576 486 τετράγωνον
598 401 637 469 τὸ
658 408 808 486 ΕΖΗΘ,
830 401 887 468 καὶ
906 398 1075 470 ἀνεστάτω

55 499 124 571 άπὸ
138 508 200 571 τοῦ
215 510 351 572 ΕΖΗΘ
364 506 575 592 τετραγώνου
590 505 892 594 πυραμλςίσονψὴς
908 517 954 598 τῷ
969 506 1076 598 κώνῳ.

55 605 79 694 ἡ
109 605 173 693 άρα
202 606 409 696 άνεσταμένη
437 612 582 698 πυραμὶς
611 612 722 697 μεῖζόν
752 614 842 681 ἐστιν
866 609 887 699 ἢ
911 611 949 681 τὸ
972 610 1077 698 ἥμισυ

54 719 121 783 τοῦ
137 713 259 784 κώνου.
289 716 531 802 τετμήσθωσαν
550 720 588 784 αί
599 724 679 802 ΕΖ,
700 725 781 804 ΖΗ,
800 726 839 786 Η
842 726 884 804 Θ,
904 726 970 786 ΘΕ
985 743 1076 806 περι-

56 821 190 908 φέρειαι
209 824 286 908 δίχα
304 818 389 889 κατά
408 824 448 888 τὰ
463 824 505 907 Ξ,
530 829 573 907 0,
592 831 630 890 Π
633 875 641 908 ,
661 830 692 889 Ρ
706 837 836 910 σημεῖα,
855 824 911 891 καὶ
930 824 1077 911 ἐπεζεύχ-

54 935 178 995 θωσαν
201 929 239 994 αι
260 930 336 1012 σω,
366 931 441 1013 ων,
471 935 548 1013 zo,
573 936 655 1015 OH,
682 936 772 1014 ΗΠ,
796 937 878 1016 σο,
903 937 975 1015 ων,
1001 937 1076 1017 PE,

54 1033 115 1101 καί
137 1030 307 1101 ἀνεστάτω
331 1030 389 1121 ἀφ’
419 1032 563 1102 ἑκάστου
589 1038 656 1102 τών
679 1037 756 1120 ΕΞ,
785 1038 861 1122 ΞΖ,
890 1039 965 1121 ΖΟ,
994 1043 1076 1120 ΟΗ,

57 1146 149 1224 ΗΠ,
178 1146 263 1226 ΠΘ,
291 1146 366 1225 ΘΡ,
399 1146 462 1206 PE
486 1141 660 1228 τριγώνων
688 1142 833 1228 πυραμὶς
862 1140 1004 1228 ίσουύὴς
1031 1145 1076 1232 τῷ

57 1245 166 1338 κώνφ.
208 1244 327 1331 ἑκάστη
353 1243 418 1333 άρα
441 1249 510 1313 τών
533 1244 768 1332 άνεσταμένων
792 1252 991 1335 πυραμίδων
1010 1251 1078 1334 μεί

60 1357 126 1434 ζων
149 1348 284 1438 ἐστλνῆ
312 1350 350 1420 τὸ
375 1350 478 1439 ἥμισυ
500 1356 562 1422 τού
584 1350 664 1420 καθ’
698 1350 804 1438 αὑτὴν
826 1353 993 1440 τμήματος
1016 1356 1078 1421 τού

59 1455 182 1526 κώνου.
218 1457 374 1544 τοιαύτης
397 1457 438 1546 δὴ
463 1459 643 1545 γινομένης
663 1457 715 1526 άεὶ
734 1460 935 1539 ἐπισκέψεως
948 1456 1078 1546 ληφθή-

60 1568 156 1632 σεταί
183 1589 259 1632 τινα
290 1563 443 1650 τμήματα
473 1561 538 1633 άπὸ
572 1568 633 1632 τού
667 1562 749 1633 ὅλου
775 1563 903 1650 κώνου,
937 1561 958 1631 δ
987 1569 1078 1632 ἐσται

60 1668 228 1739 ἐλάσσονα
250 1673 313 1737 τοῦ
335 1681 368 1737 Α
391 1674 537 1757 στερεοῦ.
582 1669 743 1757 λελήφθω
771 1670 827 1737 καὶ
855 1670 1000 1737 ἔστωτὰ
1026 1670 1079 1738 ἐπὶ

59 1779 129 1844 τών
144 1778 254 1862 ΕΞΖ,
275 1782 390 1862 ΖΟΗ,
409 1783 487 1844 ΗΠ
489 1784 532 1862 Θ,
553 1783 656 1845 &PE
693 1775 792 1860 λοιπὴ
807 1774 872 1859 άρα
887 1772 907 1862 ἡ
922 1781 1078 1861 πυραμίς,

61 1871 102 1967 ἧς
124 1881 222 1967 βάσις
239 1882 300 1968 μέν
320 1884 388 1951 ἐστι
407 1881 444 1950 τὸ
465 1884 850 1958 ωωΖΖοΗΗΠωΡν
866 1880 1078 1967 πολύγωνον,

61 1985 195 2074 κορυφὴ
220 1986 257 2055 δὲ
280 1984 317 2054 τὸ
337 1993 376 2054 Ν
397 2000 549 2073 σημεῖον,
573 1985 685 2072 μεῖζόν
709 1987 777 2054 ἐστι
800 1990 861 2054 τού
881 1996 912 2054 A
932 1991 1078 2073 στερεοῦ.

62 2091 285 2179 ἐγγεγράφθω
304 2096 352 2171 είς
369 2096 430 2161 τὸν
445 2099 579 2161 ΑΒΓΔ
595 2092 722 2161 κύκλον
736 2096 781 2184 τῷ
796 2096 1081 2169 ΕΞΖΟΗΠΘΡΕ

61 2198 248 2290 πολυγώνῳ
273 2196 393 2284 ὅμοιόν
416 2225 451 2267 τε
474 2198 674 2285 πολύγωνον
692 2199 730 2267 τὸ
749 2207 852 2268 ΑΕΒ
862 2205 988 2267 ΤΓΥΔ
997 2207 1079 2284 ΦΑ,

61 2303 117 2370 καὶ
132 2301 302 2372 άνεστάτω
316 2302 384 2373 άπὸ
398 2309 459 2372 τού
473 2310 567 2372 ΑΣΒ
573 2310 727 2372 Tmo
739 2304 941 2391 πολυγώνου
953 2309 1080 2393 πρίσμα

63 2409 204 2491 ίσουψές
222 2412 268 2500 τῷ
287 2408 401 2500 κώνφ,
425 2410 480 2477 καὶ
498 2415 567 2479 τών
585 2410 647 2497 μὲν
664 2409 890 2497 περιεχόντων
903 2409 965 2496 τὴν
979 2433 1081 2497 πνρα-

60 2519 160 2603 μίδα,
179 2507 220 2601 ἧς
240 2515 337 2601 βάσις
356 2517 417 2603 μέν
436 2518 505 2584 ἐστι
519 2514 557 2584 τὸ
572 2521 672 2583 ΑΕΒ
682 2523 813 2584 ΤΓΤΔ
824 2523 855 2584 Φ
868 2514 1080 2602 πολύγωνον,

59 2620 196 2709 κορυφὴ
215 2621 253 2690 δέ
270 2648 308 2690 το
324 2629 356 2689 Λ
375 2636 524 2708 σημεῖον,
544 2627 710 2709 τρίγωνον
725 2621 893 2709 ἐφεστάτω
907 2622 945 2691 τὸ
962 2628 1080 2707 ΛΣΒ,

59 2731 132 2796 τών
155 2726 191 2794 δὲ
215 2726 438 2814 περιεχόντων
461 2727 525 2814 τὴν
547 2730 730 2814 πυραμίδα,
753 2718 793 2813 ἧς
816 2727 913 2812 βάσις
931 2729 992 2813 μέν
1012 2729 1081 2795 ἐστι

59 2831 100 2900 τὸ
126 2835 372 2910 ΕΞΟΗΠΘΡ
389 2830 601 2917 πολύγωνον,
624 2829 756 2918 κορυφὴ
776 2832 814 2899 δέ
832 2833 869 2900 τὸ
888 2839 924 2899 Ν
942 2847 1081 2919 σημεῖον

60 2936 234 3024 ἐφεστάτω
266 2936 304 3006 τὸ
332 2939 439 3014 ΝΖΞ
463 2943 644 3025 τρίγωνον,
676 2937 732 3005 καί
766 2937 1024 3025 ἐπεζεύχθωσαν.
1046 2941 1083 3006 αἱ

60 3050 149 3129 ΣΚ,
172 3048 251 3120 ΜΞ.
293 3045 362 3112 ἐπεὶ
386 3043 498 3129 ὅμοιοι
516 3052 621 3111 κώνοι
638 3044 695 3111 καί
712 3042 893 3130 κύλινδροί
909 3048 1006 3130 είσιν,
1032 3035 1081 3111 ών

60 3147 235 3236 άνάλογόν
259 3155 345 3218 είσιν
368 3153 404 3217 οἵ
424 3175 459 3216 τε
482 3147 599 3229 άξονες
617 3149 673 3216 καὶ
692 3152 727 3218 σι’
744 3149 917 3236 διάμετροι
935 3152 1002 3216 τών
1021 3147 1081 3234 βά-

61 3276 166 3340 σεων,
194 3261 285 3324 ἐστιν
313 3253 378 3341 άρα
407 3252 452 3333 ώς
480 3252 501 3340 ἡ
526 3261 592 3321 ΚΛ
614 3258 698 3339 πρὸς
721 3256 784 3342 τὴν
807 3259 901 3339 ΜΝ,
931 3252 1078 3333 οὕτωςδ

60 3368 129 3429 ΒΔ
150 3361 235 3450 πρὸς
252 3360 314 3447 τὴν
333 3367 403 3427 ΖΘ.
441 3357 486 3439 ὡς
509 3359 547 3426 δέ
570 3357 590 3446 ἡ
610 3367 674 3427 ΒΔ
691 3360 775 3448 πρὸς
793 3361 854 3448 τὴν
875 3368 950 3447 ΖΘ,
975 3357 1082 3438 οὕτως

59 3468 179 3556 ἡιΒΚ
198 3466 283 3557 πρὸς
304 3466 367 3554 τὴν
389 3472 471 3536 ΜΖ.
513 3463 559 3546 ώς
582 3464 647 3552 ἄρα
670 3463 692 3554 ἡ
717 3474 786 3535 ΚΛ
806 3469 893 3554 πρὸς
911 3465 974 3550 τὴν
1004 3473 1094 3543 ΚΕ,
