2340 3818
90 161 133 224 20
463 159 664 212 monim
682 154 733 212 ια’.

158 301 234 370 Δύο
257 298 334 388 γὰρ,
347 297 478 368 εὐθεῖαι
501 304 538 368 αί
554 307 635 385 ΑΒ,
653 305 722 368 ΓΔ
745 305 789 392 τῷ
813 297 1019 388 ὑποκειμένῳ
1043 303 1112 366 έπι-

90 409 178 497 πέδῳ
212 406 296 495 πρὸς
329 404 437 493 ὀρθὰς
469 411 632 474 ἔστωσαν·
668 406 769 491 λέγω,
810 403 862 473 ὅτι
898 404 1112 492 παράλληλός

92 515 182 581 ἐστιν
206 511 226 600 ἡ
251 520 317 581 ΑΒ
339 515 380 599 τῇ
403 518 478 580 ΓΔ.

159 620 451 707 Συμβαλλέτωσαν
474 617 539 704 γὰρ
562 622 607 709 τῷ
630 616 836 710 ὑποκειμένῳ
861 619 1003 708 ἐπιπέδῳ
1027 616 1113 684 κατὰ

57 725 131 796 5τὺ
154 734 200 812 Β,
231 734 264 793 Δ
292 737 426 811 σημεῖα,
456 724 511 791 καί
540 725 726 812 ἐπεζεύχθω
754 722 774 811 ἡ
799 731 867 791 ΒΔ
890 722 1023 809 εὐθεῖα,
1053 724 1113 790 καί

91 832 187 920 ἤχθω
211 835 250 920 τῇ
276 838 345 898 ΒΔ
367 829 452 917 πρὸς
474 827 583 914 ὀρθὰς
611 833 647 898 ἐν
670 835 715 922 τῳ
739 828 944 922 ὑποκειμένῳ
969 831 1113 919 ἐπιπέδῳ

91 936 112 1026 ἡ
133 946 211 1023 ΔΕ,
235 937 290 1005 καί
313 941 439 1003 κείσθω
462 939 502 1024 τῇ
522 943 587 1002 ΑΒ
606 944 661 1022 ίση
685 933 705 1022 ἡ
727 944 760 1003 Δ
768 944 809 1023 E,
833 936 889 1004 καί
908 933 1112 1021 ἐπεζεύχθω-

92 1064 155 1111 σαν
180 1047 217 1111 αί
239 1049 316 1128 ΒΕ,
340 1049 421 1129 ΑΕ,
444 1049 522 1110 ΑΔ.

158 1149 228 1216 Καὶ
256 1149 326 1216 ἐπεὶ
353 1146 374 1235 ἡ
403 1155 467 1215 ΑΒ
497 1145 586 1235 ὀρθή
614 1150 683 1216 ἐστι
710 1146 860 1235 πρὸς·τό
889 1144 1113 1233 ὑποκείμενον

45 1275 77 1325 10
96 1257 264 1340 ἐπίπεδον,
288 1255 344 1322 καί
367 1253 449 1342 πρὸς
471 1253 579 1334 πάσας
603 1253 697 1342 [ἄρα]
721 1252 780 1333 τὰς
803 1251 990 1339 ἁπτομένας
1008 1250 1114 1339 αὐτῆς

93 1360 229 1442 εὐθείας
256 1361 311 1428 καὶ
340 1359 443 1440 οὔσας
471 1363 507 1428 ἐν
534 1364 580 1452 τῷ
605 1357 812 1450 ὑποκειμένῳ
835 1354 979 1447 ἐπιπέδῳ
1004 1355 1114 1445 ὀρθὰς

93 1468 225 1554 ποιήσει
257 1471 389 1552 γωνίας.
442 1464 577 1534 ἅπτεται
610 1465 648 1534 δὲ
678 1469 738 1552 τῆς
775 1471 841 1532 ΑΒ
874 1464 1010 1552 ἑκατέρα
1041 1468 1113 1532 τῶν

93 1581 179 1660 ΒΔ,
199 1581 267 1640 ΒΕ
289 1565 373 1642 οὖσα
397 1575 433 1641 ἐν
455 1576 501 1664 τῷ
525 1569 733 1662 ὑποκειμένῳ
756 1572 912 1661 ἐπιπέδῳ·
937 1568 1026 1657 ὀρθὴ
1045 1568 1114 1658 ἄρα

94 1681 184 1747 ἐστίν
208 1679 345 1767 ἑκατέρα
367 1682 437 1747 τῶν
459 1676 525 1747 ὑπὸ
545 1684 665 1763 ΑΒΔ,
688 1684 795 1745 ABE
815 1681 958 1763 γωνιῶν.
996 1675 1052 1744 διὰ
1071 1676 1114 1744 τὰ

42 1806 74 1855 15
93 1783 178 1854 αὑτδι
198 1785 239 1871 δὴ
260 1786 315 1854 καὶ
335 1784 470 1872 ἑκατέρα
488 1788 557 1853 τῶν
575 1782 642 1852 ὑπὸ
657 1790 773 1869 ΓΔΒ,
788 1790 891 1851 ΓΔΕ
908 1781 996 1871 ὀρθή
1011 1786 1114 1853 ἐστιν.

94 1894 149 1961 καί
178 1893 247 1960 ἐπεὶ
275 1900 330 1978 ἴση
360 1892 450 1959 ἐστίν
478 1888 498 1978 ἡ
527 1898 592 1958 ΑΒ
620 1894 659 1978 τῇ
686 1897 767 1974 ΔΕ,
797 1889 893 1976 κοινὴ
924 1888 961 1957 δὲ
984 1886 1004 1975 ἡ
1028 1896 1114 1976 ΒΔ,

95 1997 158 2066 δὺο
183 1997 225 2083 δὴ
254 2002 292 2065 αί
312 2004 392 2083 ΑΒ,
417 2005 485 2066 BA
514 1998 591 2065 δυσὶ
618 2011 690 2077 ταῖς
714 2005 798 2082 ΕΔ,
822 2003 889 2064 ΔΒ
918 2004 988 2064 ίσαι
1012 2000 1115 2065 είσίν·

94 2106 149 2173 καί
167 2109 292 2191 γωνίας
311 2101 420 2190 ὀρθὰς
438 2104 662 2191 περιέχουσιν·
686 2103 783 2188 βάσις
802 2101 868 2191 ἄρα
886 2100 906 2189 ἡ
927 2110 998 2170 ΑΔ
1016 2101 1115 2188 βάσει

94 2237 134 2299 τῳ
160 2218 226 2278 ΒΕ
246 2213 337 2279 ἐστιν
361 2217 426 2295 ίοιγ.
462 2211 517 2277 καί
542 2211 612 2278 ἐπεὶ
636 2218 691 2296 ίση
716 2211 806 2277 ἐστίν
830 2206 850 2295 ἡ
875 2215 940 2276 ΑΒ
964 2212 1003 2296 τῇ
1027 2215 1114 2295 ΔΕ,

41 2335 76 2384 20
95 2316 179 2384 ἀλλὰ
206 2316 261 2384 καὶ
290 2313 310 2401 ἡ
339 2322 409 2381 ΑΔ
436 2319 476 2403 τῇ
500 2322 578 2400 ΒΕ,
613 2314 675 2383 δύο
704 2314 746 2399 δὴ
775 2317 812 2381 αί
833 2320 913 2399 ΑΒ,
941 2321 1008 2382 ΒΕ
1034 2315 1114 2382 δυσί

94 2437 165 2503 ταῖς
188 2430 271 2506 ΕΔ,
304 2429 376 2488 ΔΑ
404 2430 473 2488 ίσαι
502 2425 603 2487 είσίν·
633 2420 687 2487 καί
711 2420 809 2506 βάσις
833 2417 946 2488 αὐτῶν
968 2419 1065 2506 κοινὴ
1092 2418 1113 2507 ἡ

95 2536 174 2597 ΑΕ·
207 2533 314 2615 γωνία
344 2526 409 2616 ἄρα
437 2523 458 2612 ἡ
487 2524 553 2594 ὑπὸ
583 2534 685 2594 ΑΒΕ
709 2532 816 2616 γωνίᾳ
843 2530 883 2614 τῇ
912 2524 977 2594 ὑπὸ
1006 2533 1115 2594 ΕΔΑ

96 2637 186 2703 ἐστιν
215 2643 280 2721 ἴση.
326 2631 415 2720 ὀρθὴ
445 2632 482 2700 δέ
509 2630 529 2719 ἡ
557 2630 624 2701 ὑπὸ
653 2639 767 2700 ΑΒΕ·
797 2629 885 2719 ὀρθὴ
914 2631 980 2719 ἄρα
1007 2633 1062 2699 καί
1092 2631 1113 2718 ἡ

94 2738 160 2809 ὑπὸ
194 2748 313 2808 ΕΔΑ·
346 2737 367 2827 ἡ
401 2747 469 2806 ΕΔ
501 2737 566 2826 ἄρα
593 2736 677 2827 πρὸς
704 2736 767 2825 τὴν
796 2748 866 2805 ΔΑ
894 2735 983 2826 ὀρθή
1013 2739 1115 2809 ἐστιν.

42 2865 77 2916 25
97 2852 164 2915 ἔστι
185 2846 222 2914 δέ
240 2847 295 2913 καί
314 2847 398 2933 πρὶς
417 2846 575 2933 ἑκατέραν
594 2847 663 2912 τῶν
681 2851 764 2929 ΒΔ,
786 2850 852 2911 ΔΓ
867 2842 966 2933 ὀρθή.
1003 2841 1023 2930 ἡ
1045 2851 1116 2912 ΕΔ

96 2954 162 3041 ἄρα
184 2953 295 3041 τρισίν
319 2949 465 3031 εὐθείαις
492 2965 564 3030 ταῖς
587 2957 670 3036 BA,
695 2958 781 3035 AA,
806 2956 875 3017 ΔΓ
899 2948 982 3036 πρὸς
1004 2947 1116 3036 ὀρθὰς

170 3136 193 3184 1.
204 3126 247 3201 αί]
268 3146 398 3199 supram.
408 3145 461 3183 rec
471 3127 500 3182 P
557 3134 580 3182 4.
597 3124 815 3199 συμβαλέτωσαν
829 3126 851 3179 Ρ
867 3123 1115 3196 (συμπιπτέτωσαν

97 3216 224 3344 augg]
191 3218 242 3325 Βτοὺ
247 3201 365 3325 ὑιὺτδὺῼ
377 3202 405 3254 et
415 3215 539 3324 Βὑηέὑῶίενο
540 3198 668 3322 lB’NJIO
684 3202 710 3322 ὑπ’
706 3198 864 3352 ρξῗὺὑδᾟ.
875 3214 908 3252 ex
918 3195 1095 3322 1132mA1214}
1056 3288 1115 3323 των

97 3325 446 3410 ταε.211ὑθ.θ,Ἶτῆςτῶνο.
504 3345 544 3394 13
556 3329 677 3395 ουσαιΕ
735 3345 776 3393 16
787 3358 861 3410 τη
870 3339 1113 3410 BA]mg..mlP.

153 3417 195 3468 17.
205 3413 278 3485 ταις]
290 3413 361 3467 miro
376 3428 467 3481 comp.
478 3411 508 3477 F,
523 3411 611 3465 uthn
623 3417 665 3464 21.
681 3408 807 3476 {acvb
824 3427 912 3480 comp.
924 3427 1069 3478 suprascr
1081 3430 1115 3480 φ

135 3488 178 3536 18.
190 3485 260 3554 καί]
268 3500 365 3573 comp.
381 3499 466 3552 supra
480 3498 531 3537 ser.
541 3501 571 3551 φ.
616 3478 778 3552 περιέχουσι
789 3451 864 3536 BVb
916 3481 983 3551 ΑΔ]
998 3497 1067 3536 corr.
1080 3499 1117 3538 ex
