2340 3818
341 154 615 205 ELEMENTORUM
633 154 741 205 LIBER
759 155 820 208 XII.
1023 154 1087 218 241

71 303 107 362 Α
116 302 154 361 Ψ
164 307 199 370 >
214 303 246 360 Α
251 299 294 360 Η.
345 299 378 360 et
401 302 433 360 A
444 301 481 360 Ψ
505 297 546 360 ad
572 319 670 360 unam
698 297 804 360 basim
831 299 989 383 polyedri‚
1018 307 1050 365 A
1055 305 1096 365 H

71 407 186 468 autem
222 403 262 467 ad
300 403 500 486 superficiem
540 403 673 467 minoris
712 403 867 486 sphaerae
900 404 997 470 ducta
1030 414 1088 473 est.

72 530 176 593 quare
199 509 387 592 polycdrum
411 507 570 573 minorem
594 509 767 592 sphaeram
787 510 961 574 secundum
981 534 1089 596 super·

71 616 182 680 ficiem
205 627 270 679 non
293 613 448 700 tangetl)

141 720 233 805 Ergo
257 720 341 785 datis
366 721 488 785 duabus
514 721 660 805 sphaeris
691 722 810 786 circum
834 723 919 787 idem
943 727 1090 790 centrum

72 828 192 912 positis
220 828 254 890 in
283 828 438 892 maiorem
462 827 632 911 sphaeram
661 828 802 893 solidum
829 830 1020 912 polyedrum
1043 833 1092 896 ita

72 934 270 1017 inscriptum
290 939 348 1015 est,
367 937 403 997 ut
421 933 579 998 minorem
599 933 770 1016 sphaeram
790 935 965 999 secundum
981 957 1092 1020 super·

75 1041 184 1105 ficiem
206 1061 272 1104 non
296 1042 426 1124 tangat3
450 1040 535 1123 quod
560 1041 732 1124 oportebat
754 1041 832 1105 fieri.

450 1266 720 1334 Corollarium.

145 1392 204 1458 Sin
231 1394 342 1458 etiam
358 1395 391 1456 in
420 1395 519 1457 aliam
547 1392 719 1477 sphaeram
749 1395 853 1460 solido
877 1395 1035 1478 polyedro
1059 1396 1093 1460 in

75 1499 217 1585 sphaera
244 1502 378 1563 ΒΓΔΕ
407 1499 563 1583 inscripto
597 1499 702 1563 simile
734 1501 927 1585 polyedrum
955 1502 1093 1566 solidum

78 1606 347 1690 inscripserimus,
371 1605 509 1670 solidum
532 1606 726 1689 polyedrum
748 1607 783 1671 in
806 1607 943 1692 sphaera
961 1611 1096 1672 ΒΓΔΕ

79 1710 271 1796 inscriptum
300 1710 339 1774 ad
368 1710 507 1775 solidum
536 1711 726 1795 polyedrnm
758 1712 791 1776 in
820 1713 924 1778 altera
955 1713 1095 1796 sphaera

75 1816 272 1900 inscriptum
303 1816 502 1899 triplicatam
534 1817 694 1882 rationem
726 1818 862 1883 habebit
897 1840 995 1903 quam
1028 1819 1094 1882 dia-

74 1928 202 1988 metrus
218 1923 374 2006 sphaerae
384 1920 566 1987 BsAEad
577 1923 771 1987 diametrum
783 1922 1093 2006 alteriussphaerae.

74 2028 192 2094 solidis
221 2029 305 2092 enim
333 2029 368 2092 in
395 2029 579 2112 pyramides
602 2049 737 2094 numero
763 2030 913 2114 aequales
939 2033 971 2094 et
995 2027 1096 2092 simili

73 2137 151 2201 loco
175 2135 299 2219 positas
323 2135 436 2200 diuisis
466 2134 650 2219 pyramides
675 2135 796 2198 similes
821 2139 926 2200 erunt.
972 2134 1095 2199 similes

74 2245 190 2306 autem
212 2241 395 2325 pyramides
418 2240 618 2325 triplicatam
637 2241 723 2306 inter
743 2263 776 2306 se
794 2241 958 2306 rationem
971 2240 1096 2306 habent

75 2368 179 2432 quam
192 2347 296 2411 latera
311 2347 598 2429 correspondentia
613 2349 717 2429 [prop.
726 2346 809 2411 VIII
823 2347 956 2429 coroll.].
984 2349 1095 2431 itaque

75 2453 235 2538 pyramis,
253 2453 344 2517 cuins
363 2453 452 2516 basis
472 2458 522 2516 est
535 2452 789 2536 quadrilaterum
803 2456 959 2535 ΚΒΟΣ,
982 2458 1097 2517 uertex

76 2564 190 2623 autem
214 2563 245 2622 A
272 2560 428 2641 punctum
456 2557 497 2622 ad
526 2557 729 2642 pyramidem
760 2558 797 2621 in
825 2558 928 2648 altera
957 2559 1096 2642 sphaera

77 2664 179 2728 simili
201 2663 275 2729 loco
298 2665 440 2748 positam
463 2664 661 2748 triplicatam
688 2664 849 2728 rationem
874 2663 974 2729 habet
998 2687 1095 2747 quam

77 2771 168 2835 latus
188 2770 443 2853 correspondens
462 2771 502 2835 ad
521 2770 608 2834 latus
627 2769 891 2854 correspondens,
910 2769 941 2834 h.
961 2791 977 2833 e
997 2792 1095 2853 quam

79 2879 145 2940 AB
170 2875 280 2941 radius
301 2875 468 2960 sphaerae,
492 2875 583 2941 ouius
603 2878 750 2940 centrum
770 2880 821 2941 est
840 2882 885 2958 A,
909 2875 950 2939 ad
968 2874 1096 2940 radium

153 3069 180 3137 1)
203 3068 282 3124 Idem
308 3066 384 3121 enim
407 3065 537 3121 similiter
559 3065 618 3121 fere
637 3067 672 3121 de
691 3066 792 3122 ceteris
810 3065 926 3121 basibus
946 3065 1029 3121 solidi
1048 3067 1097 3122 de·

83 3140 230 3194 monstrari
248 3139 350 3208 potest.

80 3352 106 3402 q.
181 3340 224 3388 17.
243 3328 418 3403 ὁμοπληθεῖς
436 3334 469 3389 V.
542 3338 584 3388 18.
604 3330 752 3402 ὁμοταγεῖς
770 3331 831 3388 BV.
912 3337 955 3388 20.
975 3330 1046 3385 εἰσίν
1065 3332 1095 3386 Β.

151 3403 275 3474 πυραμὶς
293 3401 350 3475 ἄρα
368 3406 399 3459 Ρ.
485 3410 528 3460 21.
547 3405 667 3459 ΚΘΣΟ
686 3405 719 3469 V,
739 3403 788 3457 sad
807 3420 875 3457 corr.
967 3407 1009 3457 23.
1029 3397 1096 3470 ὁμο-

81 3475 152 3545 ταγῆ
172 3476 198 3530 V
216 3480 247 3531 et
263 3476 295 3545 B,
313 3476 363 3531 sed
382 3493 450 3531 corr.
469 3493 506 3531 m.
527 3481 552 3533 1.
624 3481 669 3532 25.
688 3474 755 3546 περὶ
772 3470 804 3529 ab
820 3474 885 3542 hc„

131 3573 278 3626 Euclides,
294 3573 344 3615 edd.
358 3575 465 3629 Hor'borg
480 3580 503 3620 et
516 3577 613 3631 Mense.
634 3578 678 3622 W·
926 3564 967 3612 Ἦ)
