2340 3818
100 152 166 218 358
498 148 680 209 Amnon
697 157 720 211 1.

99 295 198 383 βάσις
219 293 302 383 πρὸς
324 294 387 384 τὴν
406 302 512 364 ΣΤΥ
529 295 648 383 βάσιν,
672 298 780 380 οὕτως
801 295 843 365 τά
862 301 899 368 έν
916 301 957 388 τῇ
977 303 1121 366 MNOH

100 405 263 489 πυραμίδι
287 400 350 470 δύο
373 408 541 490 πρίσματα
563 401 647 490 πρὸς
668 400 710 471 τά
734 405 771 472 έν
793 407 834 494 τῇ
857 410 993 472 ΣΤΥΘ
1016 427 1117 491 πυρα·

101 511 174 596 μίδι
198 507 261 576 δύο
284 513 460 596 πρίσματα.
497 506 572 576 ἄλλ’
598 507 643 588 ὥς
665 507 687 596 ἡ
705 517 821 578 MNO
838 509 937 597 βάσις
955 511 1041 600 πρὸς
1057 510 1119 597 τὴν

101 622 207 683 ΣΤΥ
229 614 348 700 βάσιν,
376 611 483 695 οὕτως
509 612 531 702 ἡ
559 621 662 684 ΑΒΓ
689 615 787 703 βάσις
814 617 898 705 πρὸς
923 617 988 704 τὴν
1016 625 1119 685 ΔΕΖ

65 721 211 809 οβάσιν.
262 721 320 789 καὶ
347 718 393 802 ὡς
423 721 488 809 άρα
516 719 537 808 ἡ
564 727 671 791 ΑΒΓ
691 724 789 809 βάσις
814 723 899 813 πρὸς
925 723 990 812 τὴν
1018 731 1120 792 ΔΕΖ

100 825 212 915 βάσιν,
232 827 339 908 οὕτως
355 828 412 896 καὶ
430 826 471 896 τδι
491 829 528 896 έν
547 831 586 918 τῇ
602 834 746 898 ΑΒΓΗ
758 834 922 920 πυραμίδι
940 829 1005 899 δύο
1024 832 1120 919 πρίσ-

100 958 188 1021 ματα
210 932 293 1021 πρὸς
313 932 356 1002 τδι
379 935 416 1002 έν
439 937 480 1023 τῇ
499 941 637 1003 ΔΕΖΘ
664 939 828 1026 πυραμίδι
852 936 914 1005 δύο
938 941 1119 1026 πρίσματα,

98 1041 155 1108 καὶ
181 1039 222 1108 τὰ
250 1041 288 1108 έν
313 1050 355 1130 τῇ
377 1046 540 1110 MNOH
562 1040 625 1110 δύο
653 1048 821 1130 πρίσματα
847 1041 930 1131 πρὸς
950 1042 994 1110 τὰ
1017 1045 1057 1112 έν
1080 1054 1118 1132 τῇ

100 1153 137 1213 Σ
143 1153 235 1214 Tr&
257 1151 421 1236 πυραμίδι
445 1145 508 1216 δύο
532 1153 711 1235 πρίσματα,
733 1149 790 1217 καὶ
812 1148 853 1218 τά
871 1149 1017 1237 τέσσαρα
1037 1149 1120 1235 πρὸς

51 1282 85 1334 10
101 1249 143 1321 τά
163 1255 317 1341 τέσσαρα.
355 1252 397 1322 τά
420 1252 506 1323 αὐτὰ
528 1254 567 1324 δὲ
590 1254 803 1343 δειχθήσεται
825 1255 881 1324 καὶ
904 1256 957 1325 ἐπὶ
980 1260 1053 1325 τῶν
1071 1283 1119 1342 νε-

100 1361 256 1448 νομένων
288 1359 484 1450 πρισμάτων
512 1361 549 1428 έιι
573 1363 633 1448 τῆς
661 1362 854 1450 διαιρέσεως
880 1367 948 1431 τῶν
977 1369 1120 1431 ΑΚΛΟ

100 1467 157 1535 καὶ
179 1473 321 1534 ΔΠΡΣ
343 1471 545 1555 πυραμίδων
571 1467 627 1535 καὶ
655 1472 793 1538 πάντων
820 1466 933 1550 άπλως
955 1472 1027 1538 των
1053 1475 1120 1538 ίσο-

99 1565 255 1660 πληθῶν·
279 1570 360 1662 ὅπερ
384 1577 452 1642 ἔδει
476 1577 591 1656 δείξαι.

595 1773 626 1839 5.

379 1895 437 1962 Ad
458 1896 545 1962 libr.
566 1895 633 1961 XII
655 1918 760 1981 prop.
785 1897 836 1963 17.

168 2037 328 2107 Δεικτέον
352 2035 393 2123 δὴ
417 2036 474 2104 καὶ
497 2035 617 2123 ἑτέρως
634 2034 903 2125 προχειρότερον,
927 2035 978 2104 ὅτι
997 2042 1117 2122 μείζων

53 2166 86 2216 15
106 2144 196 2215 ἐστὶν
218 2141 240 2230 ἡ
259 2151 337 2211 ΑΨ
352 2145 411 2230 τῆς
429 2149 509 2211 ΑΗ.
545 2139 642 2229 ἤχθω
666 2139 732 2211 άπὸ
749 2146 812 2210 τοῦ
829 2149 870 2210 Η
886 2145 926 2230 τῇ
946 2149 1024 2210 ΑΗ
1036 2141 1120 2233 πρὸς

100 2249 208 2339 ὀρθάς
230 2249 251 2337 ἡ
276 2248 372 2333 ΗΑ,
399 2248 455 2316 καὶ
483 2248 670 2335 ἐπεζεύχθω
697 2247 718 2336 ἡ
743 2247 831 2316 ΑΑ’.
876 2248 1054 2336 τέμνοντες
1079 2247 1120 2336 δὴ

97 2357 160 2443 τὴν
193 2361 257 2423 ΕΒ
289 2353 504 2442 περιφέρειαν
537 2357 615 2441 δίχα
643 2354 700 2421 καὶ
730 2352 794 2441 τὴν
826 2351 982 2442 ἡμίσειαν
1016 2353 1121 2442 αὐτῆς

100 2467 178 2551 δίχα
199 2461 255 2529 καὶ
277 2463 377 2529 τοῦτο
401 2457 455 2528 άεδ
477 2463 653 2541 ποιοῦντες
670 2461 915 2548 καταλείψομέν
933 2485 1011 2528 τινα
1028 2485 1120 2549 περι-

100 2570 255 2658 φέρειαν,
291 2566 313 2653 ἥ
350 2566 441 2634 ἐστιν
478 2566 630 2635 ἐλάσσων
665 2570 724 2652 τῆς
759 2563 1022 2654 ὑποτεινομένης
1059 2578 1120 2637 τοῦ

48 2697 83 2748 20
101 2677 236 2744 ΒΓΔΕ
263 2670 389 2741 κύκλον
421 2675 633 2762 περιφερείας
662 2670 728 2741 ὑπὸ
760 2675 820 2760 τῆς
851 2680 925 2760 ἴσης
955 2676 996 2762 τῇ
1024 2673 1121 2743 HA'.

97 2786 268 2867 λελείφθω
296 2779 353 2847 καὶ
380 2782 463 2847 ἔστω
491 2775 513 2866 ἡ
537 2785 604 2847 ΚΒ
632 2779 835 2866 περιφέρεια.
877 2777 1029 2848 έλάσσων
1055 2780 1122 2868 ἄρα

98 2888 154 2956 καὶ
177 2884 198 2974 ἡ
222 2892 288 2954 ΚΒ
313 2883 430 2954 εὐθεῖα
452 2894 511 2972 τῆς
533 2883 628 2954 HA'.
678 2885 735 2952 καὶ
759 2884 829 2953 ἐπεὶ
852 2887 889 2954 ἐν
911 2884 1024 2977 κάκλφ
1050 2888 1121 2956 ἐστὶ

170 3083 235 3151 XII,
255 3087 288 3138 1⁷
307 3081 381 3136 inter
399 3075 573 3168 ἐπιφάνειαν
592 3080 621 3134 et
639 3074 692 3161 δύο
711 3097 737 3162 p.
758 3084 820 3149 240,
839 3084 909 3162 ἔθ’-6
927 3079 1043 3150 PBVq.
1080 3083 1121 3166 Βο

99 3157 291 3297 χχρτχωοᾞρ.
310 3158 370 3209 231.
412 3156 504 3222 proA
540 3149 611 3204 mP
634 3149 767 3206 sonb1tur
784 3170 818 3228 ρι;
840 3149 967 3206 htteram
991 3152 1068 3210 hanc
1093 3172 1122 3208 ιιι

167 3427 192 3480 6.
213 3414 289 3478 οάτω
309 3420 364 3491 Bq.
443 3412 511 3490 δύο]
528 3433 583 3473 om.
601 3416 635 3472 V.
721 3422 746 3473 7.
766 3414 836 3487 πρὸς
854 3413 889 3471 τά
908 3448 942 3456 -
961 3419 1120 3492 πρίσματα]

82 3509 141 3554 om.
163 3513 192 3567 q.
285 3493 431 3569 πυραμίδι
451 3487 505 3548 δύο
525 3487 686 3562 πρίοματαζ
700 3487 804 3542 mv.
878 3492 909 3541 Q.
924 3487 1060 3557 mem!
1081 3490 1122 3547 ἔτι
