2340 3818
350 141 625 193 murmurosum
643 143 752 192 nruua
770 144 816 194 x1.
1026 139 1088 204 107

75 283 216 349 solidum
239 283 548 369 parallelepipedum
571 284 605 348 in
627 283 733 367 prima
756 283 955 370 descriptum
979 285 1020 349 ad
1040 307 1091 350 so-

72 389 178 455 lidum
199 390 236 454 in
259 390 398 455 secunda
421 390 526 454 simile
550 394 584 455 et
607 390 756 455 similiter
778 390 990 474 descriptum,
1013 412 1090 474 quo·

71 496 164 562 niam
188 496 287 560 etiam
305 496 411 581 prima
429 497 470 561 ad
489 499 637 580 quartam
656 497 856 581 triplicatam
877 496 977 560 habet
994 497 1091 562 ratio-

71 623 152 668 nem
174 623 270 686 quam
296 603 336 667 ad
360 606 539 668 secundam.

509 885 659 952 XXXIV.

145 1026 339 1112 Aequalium
369 1027 548 1092 solidorum
570 1027 916 1113 parallelepipedorum
939 1028 1034 1092 bases
1058 1028 1092 1091 in

72 1133 241 1200 contraria
271 1134 398 1199 ratione
431 1137 507 1199 sunt
534 1140 631 1218 atque
659 1133 862 1218 altitudines3
895 1137 928 1198 et
955 1152 1092 1218 quorum

74 1240 255 1320 solidorum
282 1240 632 1325 parallelepipedorum
658 1240 754 1304 bases
786 1240 821 1303 in
853 1239 1017 1305 contraria
1043 1261 1091 1304 ra·

73 1347 168 1412 tione
191 1350 268 1411 sunt
290 1350 387 1431 atque
411 1347 610 1430 altitudines,
633 1369 671 1410 ea
695 1346 844 1430 aequalia
867 1351 951 1411 sunt.

146 1449 220 1517 Sint
234 1459 266 1517 A
271 1456 316 1536 B,
329 1455 397 1517 ΓΔ
416 1453 563 1537 aequalia
581 1453 686 1518 solida
700 1451 981 1537 parallelepipeda.
1012 1451 1092 1535 dieo,

75 1558 258 1624 solidorum
285 1558 632 1643 parallelepipedorum
656 1564 735 1642 AB,
758 1561 820 1623 ΓΛ
843 1559 938 1624 beses
962 1558 996 1622 in
1020 1579 1093 1622 eon·

75 1664 180 1728 traria
207 1664 334 1729 ratione
356 1686 428 1730 esse
451 1674 550 1750 atque
573 1665 774 1749 altitudines,
803 1668 836 1729 et
858 1685 943 1747 esse,
969 1666 1007 1727 ut
1030 1666 1093 1726 ΕΘ

75 1769 122 1836 ad
139 1773 177 1833 N
179 1774 227 1854 11,
249 1770 298 1835 ita
322 1770 526 1836 altitudinem
550 1771 645 1837 solidi
663 1774 729 1836 ΓΔ
753 1771 793 1836 ad
817 1769 1022 1834 altitudinem
1041 1789 1092 1832 so-

75 1875 139 1942 lidi
160 1879 236 1943 AB.

145 1980 241 2046 Prius
265 1984 352 2047 enim
374 1986 481 2048 rectae
504 1984 682 2048 eminentes
707 1985 791 2066 AH,
814 1985 889 2064 ΕΖ,
912 1983 990 2063 ΛΒ,
1014 1982 1093 2062 ΘΚ,

75 2091 164 2173 ΓΜ,
191 2088 272 2172 ΝΞ,
301 2092 382 2173 ΟΔ,
410 2093 481 2154 ΠΡ
510 2090 550 2154 ad
582 2091 677 2154 bases
711 2110 785 2154 suas
812 2085 1093 2172 perpendiculares

76 2195 155 2260 sint.
200 2194 280 2274 dieo,
304 2216 374 2260 esse
393 2197 825 2261 ua:N11=rM:AH.

148 3352 215 3417 iam
237 3355 266 3419 si
284 3358 347 3419 ΕΘ
362 3383 402 3404 =
417 3355 508 3435 NH,
532 3353 564 3415 et
582 3356 647 3416 AB
662 3379 705 3404 =
719 3354 796 3428 ΓΔ,
821 3350 884 3413 erit
906 3350 1007 3413 etiam
1025 3351 1102 3411 ΓΜ

75 3491 122 3516 ==
138 3465 172 3524 A
178 3462 226 3544 H3
248 3482 325 3526 nam
349 3459 453 3525 solida
475 3456 765 3544 parallelepipeda,
786 3477 871 3542 quae
888 3453 1029 3519 eandem
1038 3453 1104 3514 na·
