2340 3818
344 152 619 205 ELEMENTORUM
637 154 746 206 LIBER
764 155 825 208 XII.
1027 154 1093 220 203

73 293 246 378 pyramide
274 294 309 358 in
335 315 373 358 ec
397 294 638 378 comprehensa.
683 296 794 381 itaque
823 299 922 363 ctiam
952 299 1093 364 solidum

73 398 107 473 Ξ
126 400 231 464 maius
256 403 307 465 est
328 400 500 484 pyramide
522 401 558 464 in
581 422 662 466 conc
685 406 761 466 EN
780 403 1013 486 comprehensa
1038 405 1093 490 [V‚

74 506 142 586 14].
197 528 311 570 uerum
343 507 429 570 idem
461 506 568 571 minus
602 510 667 591 θεῖς
706 507 791 592 qnod
825 510 1000 575 absurdum
1033 515 1092 577 est.

71 611 185 695 itaque
207 634 274 677 non
297 616 348 677 cst
370 617 407 677 ut
425 615 560 677 ΑΒΓΔ
574 637 582 678 :
597 617 747 697 ΕΖΗΘ,
769 614 817 678 ita
840 636 941 680 conus
959 621 1029 681 ΑΛ
1052 617 1092 681 ad

74 718 217 783 solidum
240 719 349 783 minus
372 740 454 783 cono
477 723 557 785 EN.
594 719 660 784 iam
684 720 836 785 similiter
859 719 1093 788 demonstrabi-

72 845 163 906 mus,
190 845 231 888 ne
255 827 329 888 EN
352 823 482 908 quidem
509 845 625 890 conum
654 825 694 890 ad
718 825 857 890 solidum
880 826 987 892 minus
1010 851 1092 896 conc

71 933 139 994 ΑΛ
163 952 235 994 eam
258 931 420 996 rationem
441 931 562 995 habere
586 954 682 1017 quam
705 935 843 997 ΕΖΗΘ
857 956 865 997 :
879 937 1021 999 ΑΒΓΔ.
1051 973 1055 979 ·

140 1034 212 1100 Iam
235 1037 321 1119 dico,
342 1059 384 1101 ne
408 1036 448 1101 ad
471 1038 576 1102 maius
600 1037 729 1122 quidem
753 1060 834 1104 cono
859 1043 934 1104 EN
952 1041 1090 1106 solidum

71 1164 191 1208 conum
214 1145 283 1206 ΑΑ
305 1164 376 1207 cam
399 1143 559 1207 rationem
582 1143 701 1207 habere
725 1166 823 1228 quam

433 1270 734 1334 ΑΒΓΔεΕΖΗΘ.

139 1387 227 1454 Nam
250 1390 279 1454 si
301 1390 373 1455 fieri
395 1395 517 1473 potest,
540 1390 660 1455 habeat
684 1392 724 1456 ad
748 1393 853 1457 maius
872 1393 907 1467 Ξ.
943 1395 1054 1479 itaque
1074 1418 1091 1460 e

72 1496 238 1562 contrario
253 1495 317 1560 erit
330 1500 490 1562 ΕΖΗΘε
505 1501 641 1563 ΑΒΓΔ
656 1529 697 1551 ==
712 1498 841 1572 ΞεΑΛ
860 1499 914 1584 [V,
926 1502 943 1565 7
955 1502 1091 1582 corcll.].

72 1624 186 1667 uerum
213 1607 250 1668 ut
277 1602 307 1676 Ξ
319 1626 327 1668 :
341 1607 419 1682 ΑΛ,
446 1603 493 1669 ita
520 1625 620 1670 conus
647 1609 722 1669 EN
747 1605 788 1670 ud
816 1606 955 1671 solidum
982 1608 1090 1673 minus

75 1727 154 1772 cono
178 1712 243 1772 ΑΛ
273 1711 378 1792 [prop.
401 1707 435 1773 ΙΙ
457 1711 602 1793 lemma}
647 1733 746 1795 quare
774 1711 873 1776 etiam
896 1715 932 1776 ut
955 1716 1091 1778 ΕΖΗΘ

72 1816 244 1897 τΑΒΓΔ,
266 1812 315 1878 ita
338 1836 437 1880 conus
460 1819 535 1880 ΕΝ
553 1816 593 1880 ad
617 1816 756 1880 solidum
779 1817 884 1881 minus
909 1839 989 1884 cono
1012 1823 1090 1885 AA3

70 1919 159 2003 quod
182 1919 253 1983 fieri
275 1941 342 1984 non
363 1942 458 2003 posse
482 1921 785 1986 demonstrauimuc
825 1922 936 2007 itaque
954 1946 1020 1990 non
1039 1929 1090 1989 est

70 2029 111 2090 ut
134 2028 268 2090 ΑΒΓΔ
282 2050 289 2090 :
304 2030 453 2110 ΕΖΗΘ,
475 2026 523 2109 ita
546 2048 645 2092 conus
669 2032 733 2092 ΑΛ
756 2027 797 2092 ad
821 2028 959 2093 solidum
984 2030 1089 2096 maius

71 2152 157 2198 conc
176 2134 256 2195 ΕΝ.
293 2132 589 2198 demonstrauimus
614 2137 732 2218 autem,
756 2157 830 2199 eum
853 2157 894 2199 ne
918 2135 957 2200 ad
981 2136 1089 2201 minuc

71 2236 203 2322 quidem
226 2237 317 2303 illam
340 2239 460 2303 habere
482 2238 652 2304 rationem.
698 2239 808 2324 itaque

305 2350 861 2430 AnrA2nzuc=AA2um

141 2485 197 2550 sed
216 2490 254 2550 ut
271 2506 370 2551 conus
389 2486 430 2551 ad
445 2508 575 2571 conum,
592 2487 641 2552 ita
655 2487 819 2572 cylindrus
835 2489 875 2554 cd
890 2490 1091 2577 cylindrum

70 2614 150 2657 nam
168 2596 304 2676 uterque
323 2595 462 2676 utroque
475 2592 576 2677 triplo
590 2594 695 2658 maior
708 2598 759 2659 ost
778 2597 883 2679 [prop.
896 2595 950 2677 Χ].
978 2597 1089 2680 itaque

72 2698 174 2763 etiam
204 2701 243 2762 ut
274 2701 408 2763 ΑΒΓΔ
422 2722 429 2762 :
444 2701 594 2781 ΕΖΗΘ,
625 2699 674 2764 ita
706 2699 842 2783 cylindri
872 2701 909 2766 in
939 2700 980 2766 iis
1014 2724 1089 2767 con-

71 2803 199 2887 structi,
222 2805 279 2889 qui
301 2804 437 2869 candem
460 2803 665 2871 altitudinem
688 2805 819 2872 habent.
827 2804 853 2894 ¹)

147 2999 172 3066 1)
192 2997 285 3051 Ucrba
303 3001 361 3057 τοῖς
378 2992 481 3057 κώνοις
497 2994 546 3053 lin.
565 3001 600 3050 28
619 3012 718 3052 uereor
735 3015 771 3052 ne
789 2998 906 3067 antiqua
924 3000 1020 3070 glossa
1038 3001 1088 3068 sit3

72 3083 165 3135 neque
184 3067 259 3122 enim
278 3067 324 3121 hic
345 3066 380 3122 de
399 3082 432 3122 eo
452 3067 559 3136 agitur,
584 3068 617 3121 ut
635 3066 756 3136 cylindri
774 3070 892 3126 cundem
910 3069 1089 3127 altitudinem

71 3136 197 3194 habeant
216 3155 300 3207 quam
320 3137 396 3207 coni,
420 3138 469 3192 scd
491 3138 524 3192 ut
541 3136 776 3210 demonstremus,
800 3139 941 3209 cylindros
961 3140 1088 3210 ἰσουψεῖς

71 3224 136 3263 eam
152 3209 291 3264 rationem
309 3209 413 3264 habere
432 3225 518 3278 quum
535 3209 625 3263 bases.

73 3410 119 3458 14.
139 3398 201 3457 ἀλλ’
223 3435 256 3444 -
277 3408 319 3460 16.
338 3404 444 3474 κῶνον]
469 3421 525 3474 mg.
544 3422 581 3460 m.
602 3410 616 3460 1
635 3403 665 3460 P.
740 3411 781 3460 19.
801 3399 888 3477 ἐστίν]
909 3424 963 3462 om.
981 3407 1015 3463 V.

72 3470 126 3546 ὡς]
147 3490 202 3531 om.
221 3493 248 3545 q.
320 3480 364 3530 21.
382 3476 423 3547 τι]
443 3491 497 3532 om.
513 3492 539 3544 q.
611 3472 722 3548 advoc}
737 3477 844 3532 cml.
911 3482 962 3531 tt.
978 3473 1101 3528 ituit.
