2340 3818
82 156 124 221 70
453 157 655 210 ΣΤΟΙΧΕΙΩΝ
672 151 725 223 ια’.

79 300 135 366 καὶ
159 303 240 366 ἔστω
264 303 384 386 μείζων
403 295 423 384 ἡ
444 305 525 383 ΑΒ,
547 299 604 366 καὶ
622 297 807 384 γεγράφθω
828 293 877 364 ἐπ’
899 294 1002 383 αὐτῆς
1020 294 1099 382 ἡμι-

78 405 218 473 κύκλιον
242 404 279 472 τὸ
303 410 413 488 ΑΒΓ,
441 404 496 470 καὶ
520 409 567 484 είς
594 403 632 472 τὸ
657 411 760 472 ΑΒΓ
778 401 976 489 ἡμικύκλιον
999 405 1100 488 ἐνηρ-

61 510 199 598 μόσθω
223 521 262 600 τῇ
287 514 353 588 ΑΞ
373 508 491 599 εὐθείᾳ
515 509 559 596 μὴ
587 517 712 597 μείζονι
740 509 824 598 οὔσῃ
852 519 910 595 τῆς
933 516 999 575 ΑΒ
1024 513 1099 576 δια-

79 619 202 705 μέτρου
230 627 285 703 ίόη
313 615 334 703 ἡ
363 622 437 699 ΑΓ,
469 617 525 683 καὶ
554 615 739 703 ἐπεζεύχθω
768 613 789 703 ἡ
818 622 887 683 ΓΒ.
933 614 1003 682 ἐπεὶ
1034 607 1099 682 οὖν

45 743 61 791 5
81 727 117 793 έν
135 723 319 813 ἡμικυκλίῳ
338 733 383 812 τῷ
400 727 498 788 ΑΓΒ
516 728 624 807 γωνία
643 723 733 790 ἐστὶν
752 720 772 809 ἡ
791 720 858 790 ὑπὸ
873 726 985 805 ΑΓΒ,
1004 719 1097 808 ὀρθὴ

79 830 145 915 ἀρα
174 830 263 898 ἐστὶν
290 826 311 914 ἡ
341 825 408 894 ὑπὸ
434 834 541 895 ΑΓΒ.
591 827 628 896 τό
658 826 725 914 ἀρα
751 826 817 896 ἀπὸ
846 838 905 913 τῆς
927 834 993 894 ΑΒ
1018 835 1097 896 ἴσον

80 938 149 1004 ἐστὶ
171 949 241 1014 τοῖς
259 932 328 1001 ’ἀπὸ
357 937 426 1001 τῶν
449 939 524 1018 ΑΓ,
553 940 623 1001 ΓΒ.
674 931 758 1002 ὥστε
785 932 823 1002 τὸ
851 931 917 1001 ἀπὸ
946 938 1004 1019 τῆς
1032 942 1097 1002 ΑΒ

78 1047 139 1110 τοῦ
167 1041 231 1108 ἀπὸ
259 1044 316 1126 τῆς
339 1045 408 1107 ΑΓ
431 1039 545 1127 μεῖζόν
573 1042 642 1107 ἐστι
672 1043 717 1131 τῷ
746 1037 812 1108 ἀπὸ
840 1042 899 1126 τῆς
920 1045 991 1106 ΓΒ.
1040 1049 1096 1128 ἴση

79 1148 117 1216 δέ
140 1146 160 1233 ἡ
184 1152 254 1214 ΑΓ
272 1150 312 1234 τῇ
336 1149 407 1224 ΑΞ.
454 1145 492 1214 τὸ
516 1147 583 1233 ἀρα
606 1144 672 1213 ἀπὸ
695 1150 754 1231 τῆς
776 1153 841 1212 ΑΒ
863 1149 925 1213 τοῦ
948 1143 1013 1215 ἀπὸ
1038 1151 1099 1233 τῆς

28 1274 61 1322 10
80 1257 147 1330 ΑΞ
174 1252 285 1338 μεῖζόν
313 1255 382 1320 ἐστι
408 1256 454 1344 τῷ
483 1251 549 1320 ἀπὸ
577 1255 636 1339 τῆς
664 1258 733 1319 ΓΒ.
786 1250 845 1320 έάν
873 1243 937 1319 οὖν
964 1257 1103 1340 τῇΒΓ

80 1366 157 1444 ἴσην
180 1357 242 1444 τὴν
261 1361 324 1436 ΞΡ
344 1356 583 1445 ἀπολάβωμεν,
608 1363 699 1426 ἔσται
721 1357 759 1426 τὸ
784 1356 849 1425 ἀπὸ
868 1360 926 1444 τῆς
944 1365 1010 1424 ΑΒ
1035 1363 1098 1427 τοῦ

79 1464 144 1532 ἀπὸ
172 1467 231 1550 τῆς
254 1466 320 1541 ΛΞ
344 1470 456 1552 μεῖζον
479 1469 524 1554 τῷ
549 1463 614 1533 ἀπὸ
638 1469 696 1550 τῆς
718 1467 788 1541 ΞΡ·
818 1462 898 1550 ὅπερ
922 1466 1098 1549 προέκειτο

78 1575 224 1657 ποιῆσαι.

554 1674 617 1742 κδ’.

29 1821 61 1869 15
144 1800 233 1893 Ἐἀν
275 1797 438 1883 στερεὸν
474 1796 549 1866 ὑπὸ
592 1797 854 1884 παραλλήλων
898 1801 1099 1871 ἐπιπέδων

80 1911 325 1995 περιέχηται,
352 1906 396 1974 τὰ
425 1905 665 1973 ἀπεναντίον
694 1901 816 1972 αὐτοῦ
839 1905 1005 1974 ἐπίπεδα
1030 1915 1099 1975 ἶσα

84 2041 123 2082 τε
146 2016 210 2081 καὶ
233 2010 623 2099 παραλληλόγραμμά
648 2013 763 2078 ἐστιν.

146 2118 292 2204 Στερεὸν
320 2117 383 2205 γάρ
412 2118 449 2186 τὸ
479 2123 623 2185 ΓΔΘΗ
644 2113 710 2182 ὑπὸ
738 2115 960 2201 παραλλήλων
989 2120 1100 2187 έπιπέ·

54 2212 149 2292 ’δων
173 2226 378 2310 περιεχέσθω
401 2228 469 2290 τῶν
492 2229 572 2308 ΑΓ,
595 2229 679 2306 ΗΖ,
703 2229 782 2308 ΑΘ,
808 2230 889 2309 ΔΖ,
913 2230 989 2307 ΒΖ,
1013 2232 1098 2293 ΑΕ·

26 2351 61 2399 20
80 2333 181 2416 λέγω,
208 2328 265 2397 ’ὅτι
292 2328 333 2396 τά
362 2327 565 2396 ἀπεναντίον
592 2323 697 2393 αὐτοῦ
725 2329 862 2396 ἐπίπεδα
890 2336 946 2396 ίσα
976 2332 1098 2418 τεκαὶ

79 2433 407 2521 παραλληλόγραμμά
432 2436 530 2500 ἐστιν.

145 2541 234 2609 Ἐπεὶ
267 2539 331 2628 γάρ
365 2540 428 2607 δύο
461 2541 599 2606 ἐπίπεδα
626 2539 821 2628 παράλληλα
849 2541 888 2607 τὰ
916 2547 1004 2626 ΒΗ,
1032 2548 1101 2611 ΓΕ

80 2647 145 2715 ὑπὸ
172 2649 329 2716 ἐπιπέδου
352 2650 414 2712 τοῦ
437 2655 469 2711 Α
475 2651 506 2711 Γ
524 2647 689 2731 τέμνεται,
719 2650 756 2713 αἱ
775 2648 887 2714 κοιναὶ
910 2645 1022 2714 αὐτῶν
1045 2676 1099 2717 το-

152 2850 176 2896 2
202 2841 337 2896 AFBb.
447 2839 539 2902 είς-
558 2835 738 2926 ἡμικύκλιον]
776 2857 830 2895 om.
858 2842 885 2895 b.
994 2844 1095 2934 ΑΒΓ]

80 2915 180 2968 ΑΒΡ.
253 2909 468 2983 ἡμεκάκλιον]Θ
484 2914 507 2984 β.
598 2906 779 2984 ἡρμόοθωβ.
884 2918 911 2966 3.
928 2908 966 2980 μὴ
987 2914 1098 2997 μείζονι

80 3017 114 3025 -
135 2981 301 3072 διαμέτρου]
321 2999 374 3037 om.
394 2982 448 3038 Bb.
508 2983 570 3053 AB]
591 3000 626 3034 m.
642 2983 703 3036 21³.
764 2989 788 3036 5.
804 2982 854 3054 τῷ]
873 2998 942 3036 corr.
962 2999 996 3035 ex
1009 3003 1097 3039 vom

83 3055 145 3110 15¹
218 3060 256 3127 τῷ
275 3058 354 3107 ΑΓΒ
373 3054 474 3125 γωνια]
494 3071 548 3108 om
565 3059 589 3106 b
662 3037 867 3122 Ammine.
886 3069 923 3106 m.
944 3053 1004 3121 1P,
1024 3057 1098 3110 Bin

81 3144 134 3180 ras.
154 3125 183 3178 F.
239 3111 326 3195 ὑπό]
347 3142 402 3180 om.
421 3125 449 3178 b
522 3120 644 3193 ὀρθή-
662 3125 795 3191 ΒΑΓΒ]
814 3124 903 3191 γωνία
923 3097 1032 3193 ὀρδήέ
1035 3144 1098 3180 στιν

81 3197 108 3248 b
183 3203 206 3251 7.
226 3196 295 3267 τῶν]
315 3196 409 3264 τῆςο
503 3196 564 3266 ΓΒ]
585 3212 739 3264 suprascr
759 3212 795 3248 m
815 3210 869 3248 reo.
888 3195 918 3248 P.
1010 3191 1098 3271 ὥστε]

82 3283 135 3321 om.
156 3268 182 3322 b.
255 3268 318 3338 AB]
338 3273 387 3320 AB
408 3262 508 3334 ἀραὶ).
582 3271 606 3319 8.
625 3263 724 3352 μεῖζόν
743 3259 812 3350 ἔστι]
832 3262 1012 3350 ὑπερέχειΡ.

83 3344 106 3391 9.
126 3337 173 3408 τῇ]
192 3339 320 3406 postea
311 3357 363 3392 ms
384 3339 417 3392 V.
489 3335 520 3391 τὸ
541 3331 653 3407 ἀρα]
632 3354 700 3390 ωστε
719 3333 800 3401 τόΡ;
820 3332 898 3389 z6b
970 3337 1033 3408 ΑΒ]
1049 3345 1097 3393 ΑΒ

81 3404 188 3476 ἀραὶ),
207 3415 257 3463 ΑΒ
276 3405 373 3536 μειζόν
394 3405 500 3463 έστιΡ.
585 3413 626 3461 10.
646 3402 828 3477 μειζόνέστι]
848 3423 901 3460 om.
922 3406 951 3461 P.
1034 3409 1099 3480 τῆς]

65 3496 116 3596 f
135 3482 201 3535 25.
295 3477 399 3536 έάν-
421 3486 461 3534 13.
481 3480 609 3550 ποιῆσαι]
629 3495 683 3532 om.
702 3477 729 3530 b
822 3482 862 3530 10
882 3478 946 3547 ΒΓ]
972 3494 1042 3533 corr
1063 3495 1100 3535 ex
