2340 3818
548 842 607 914 XI.

437 1005 439 1008 ⁴
544 976 611 1049 λς’.
671 1063 678 1079 ,

133 1101 211 1171 Ἐάν
233 1116 322 1191 τρεῖς
345 1099 476 1171 εὐθεῖαι
495 1099 665 1187 άνάλογον
689 1094 762 1188 οὖσι,
785 1099 823 1169 τὸ
846 1101 1083 1189 περιεχόμενον

62 1207 134 1278 ὑπὸ
157 1219 226 1276 τῶν
248 1212 351 1297 τριῶν
375 1206 511 1292 στερεὸν
535 1215 611 1275 ίσον
635 1213 726 1275 ἔσται
749 1210 794 1298 τῷ
818 1204 884 1276 άπὸ
908 1210 966 1293 τῆς
984 1208 1085 1294 μίσης

64 1319 189 1407 στερεῷ
214 1317 399 1406 ἰσοπλεύρῳ
424 1315 496 1401 μίν,
525 1319 692 1406 ἰσογωνίῳ
717 1313 754 1381 δὲ
776 1317 823 1404 τῳ
846 1314 1084 1404 προειρημένῳ·

137 1426 285 1488 ἔστωσαν
312 1434 400 1508 τρεῖς
427 1417 557 1488 εὐθεῖαι
580 1417 750 1505 άνάλογον
773 1423 811 1487 αί
827 1429 873 1503 A,
901 1427 945 1503 B,
973 1424 1011 1505 F,
1040 1416 1085 1498 ὡς

64 1525 88 1612 ἡ
115 1535 147 1592 A
169 1526 253 1615 πρὸς
274 1526 336 1614 τὴν
356 1535 399 1612 Β,
424 1525 530 1607 οὕτως
553 1524 573 1612 ἡ
593 1533 621 1593 Β
644 1525 728 1614 πρὸς
749 1525 811 1612 τὴν
831 1531 866 1594 Γ.
904 1527 1004 1611 λε’γω,
1029 1523 1080 1594 ὅτι

65 1633 105 1700 τὸ
131 1630 197 1700 ὑπὸ
220 1636 288 1701 τῶν
307 1641 355 1718 A,
378 1640 422 1718 B,
447 1638 479 1700 Γ
497 1632 733 1720 περιεχόμενον
757 1631 893 1720 στερεὸν
917 1640 991 1699 ίσον
1016 1631 1084 1698 ἐστὶ

65 1743 113 1830 τῷ
147 1737 211 1807 άπὸ
245 1743 305 1826 της
331 1745 359 1806 Β
392 1743 514 1830 στερεῷ
548 1742 735 1830 ἰσοπλεύρῳ
762 1765 797 1807 τε
824 1740 879 1805 καὶ
908 1742 1083 1828 ἰσογωνίῳ.

66 1850 195 1914 κείσθω
219 1849 258 1935 τῇ
282 1855 314 1913 Α
338 1854 392 1934 ίση
417 1843 538 1932 ἡΑΕ,
562 1845 618 1912 καὶ
641 1845 830 1914 συνεστάτω
853 1844 937 1933 πρὸς
959 1848 998 1932 τῇ
1018 1851 1083 1910 EA

67 1951 189 2043 εὐθείᾳ
217 1953 272 2019 καὶ
299 1955 345 2044 τῷ
375 1957 498 2043 σημείῳ
527 1956 571 2043 τῷ
597 1961 630 2019 A
656 1951 803 2040 τυχούση
833 1961 948 2041 στερεᾷ
977 1955 1083 2040 γωνίᾳ

67 2057 298 2150 εὐθυγράμμῳ
327 2066 381 2144 ίση
411 2057 526 2144 στερεά
554 2064 662 2148 γωνία
690 2056 927 2144 εὐθύγραμμος
949 2055 969 2144 ἡ
994 2080 1084 2145 περι-

67 2165 209 2252 εχομένη
237 2162 303 2234 ὑπὸ
331 2168 399 2231 τῶν
427 2171 509 2249 ZA,
538 2171 625 2249 AH,
658 2170 746 2250 HA,
776 2171 860 2248 ΑΒ,
894 2171 975 2250 ZA,
1005 2171 1084 2251 An,

68 2271 125 2339 καὶ
148 2275 274 2338 κείσθω
297 2273 336 2358 τῇ
361 2270 422 2357 μὲν
445 2277 473 2337 Β
499 2278 553 2356 ίση
578 2268 705 2356 ἡΗΔ,
728 2279 768 2359 τῇ
789 2269 826 2338 δὲ
844 2275 945 2357 Γίση
965 2267 985 2357 ἡ
1005 2278 1081 2354 ΘΔ,

67 2379 124 2447 καὶ
149 2376 448 2464 συμπεπληρώσθω
476 2376 514 2444 τὸ
540 2383 612 2445 AK
639 2375 790 2464 στερεόν,
818 2377 874 2445 καὶ
896 2382 1022 2445 κείσθω
1045 2380 1084 2465 τῇ

10 2554 17 2561 ,
67 2492 96 2552 Β
121 2491 178 2570 ίση
201 2483 222 2570 ἡ
243 2490 333 2568 ΛΜ,
356 2484 412 2550 καὶ
431 2481 621 2551 συνεστάτω
639 2481 723 2570 πρὸς
739 2494 779 2570 τῇ
799 2489 874 2549 ΜΛ
894 2479 1011 2572 εὐθείᾳ
1029 2482 1084 2549 καὶ

10 2660 30 2687 ,Ι
65 2594 113 2684 τῷ
142 2588 226 2679 πρὸς
249 2587 332 2678 αὐτῇ
361 2597 485 2683 σημείῳ
513 2601 558 2681 τῷ
584 2595 614 2655 Λ
641 2599 680 2678 τῇ
710 2592 826 2678 στερεᾷ
852 2594 960 2678 γωνίᾳ
983 2589 1085 2656 εὐθυ-

10 2702 26 2779 ζ·
64 2697 210 2789 γράμμῳ
229 2707 269 2786 τῇ
289 2698 503 2786 περιεχομένη
522 2695 588 2766 ὑπὸ
607 2699 676 2763 τάν
692 2701 773 2780 ΘΔ,
794 2702 876 2779 AE,
896 2701 977 2780 EA,
997 2701 1084 2778 AH,

10 2788 19 2835 Ξ
64 2810 158 2889 HA,
188 2810 254 2870 ΔΘ
282 2811 337 2887 ίση
361 2800 476 2890 στερεά
503 2807 610 2888 γωνία
638 2799 874 2888 εὐθύγραμμος
897 2798 917 2885 ἡ
942 2824 1085 2890 περιεχο-

64 2910 151 2998 μένη
176 2906 242 2978 ὑπὸ
265 2913 333 2977 τῶν
352 2915 437 2994 ΜΛ,
462 2915 547 2992 AN,
571 2915 657 2994 NA,
681 2909 759 2992 ΛΞ,
783 2909 861 2992 ΞΛ,
886 2908 975 2992 ΛΜ,
1001 2904 1085 2974 ὥστε

139 3105 194 3159 Hic
218 3103 358 3174 appendix
381 3102 549 3172 scripturam
572 3104 670 3157 cod.b
693 3101 758 3157 inde
783 3101 868 3168 axi,
888 3106 922 3156 36
946 3100 981 3154 ad
1000 3102 1084 3154 finem

62 3176 133 3232 libri
152 3175 205 3229 XII
224 3174 351 3230 eontinet
368 3173 447 3229 nulla
465 3174 561 3229 littera
577 3174 696 3228 mutata.
730 3189 900 3241 quamquam
919 3171 978 3225 sine
998 3171 1083 3226 dubio

62 3245 185 3329 plnrimi
206 3246 304 3300 insunt
325 3246 395 3300 meri
418 3261 525 3300 errores
545 3244 697 3311 scribendi,
716 3245 812 3300 tamen
836 3242 959 3297 dubitari
977 3241 1082 3311 nequii,

61 3335 136 3389 quin
161 3317 221 3372 cod.
245 3316 264 3369 b
288 3315 368 3385 quasi
394 3315 582 3370 recensionem
610 3316 751 3384 quandam
774 3313 916 3384 propriam
939 3313 1084 3384 praebeat.

63 3390 116 3444 cfr.
133 3388 268 3442 Zeiischr.
287 3388 306 3442 f.
320 3386 409 3444 Math.
429 3386 560 3456 urPhys,
579 3387 715 3440 hisi-liti.
731 3385 817 3441 Abin.
829 3385 1097 3450 Νίκῃ-Ὦ.

117 3487 269 3539 Euclides,
285 3486 334 3528 edd.
348 3485 455 3539 Heiberg
469 3490 492 3530 et
507 3488 602 3540 Merge.
622 3488 668 3530 Π.
910 3473 953 3520 ‘2‘0
