2340 3818
101 153 168 218 292
477 156 680 208 mmmm
697 150 747 224 ιγ’.

166 295 401 383 Ἐκβεβλήσθω
434 292 498 382 γὰρ
533 294 582 363 ἐπ’
617 294 753 376 εὐθείας
784 301 823 386 τῇ
853 303 888 364 K
891 303 921 364 Θ
952 294 1072 365 εὐθεῖα
1098 293 1117 383 ή

102 411 183 488 ΘΛ,
210 403 266 470 καὶ
293 407 418 469 κείσθω
446 405 485 489 τῇ
510 408 572 470 ΓΒ
600 410 655 489 ίση
683 400 704 490 ἡ
728 410 801 470 ΘΛ.
846 405 902 470 καὶ
931 404 1005 470 ἐπεί
1032 404 1119 470 ἐστιν

103 504 148 587 ὡς
171 504 191 592 ή
214 513 284 573 AF
302 506 387 596 πρὸς
408 505 470 594 τήν
494 514 576 593 ΓΛ,
601 507 707 589 οὕτως
729 507 750 595 ή
771 515 833 577 ΓΔ
856 506 940 596 πρὸς
962 506 1025 594 τήν
1047 514 1119 592 FB,

103 621 159 698 ίση
188 612 226 680 δὲ
253 610 274 699 ἡ
302 613 364 700 μὲν
387 621 457 681 AF
481 618 521 701 πή
545 620 627 700 ΚΘ,
654 614 675 701 ἡ
704 608 742 682 δὲ
765 620 832 680 ΓΔ
858 625 898 702 τῇ
926 621 1005 700 ΘΕ,
1035 611 1057 700 ή
1084 613 1120 682 δὲ

68 726 165 788 σΓΒ
198 724 238 808 πή
271 727 351 802 ΘΛ,
384 724 476 788 ἔστιν
508 718 574 808 ἄρα
607 719 652 800 ὡς
683 718 704 807 ἡ
737 727 804 788 ΚΘ
834 718 917 808 πρὸς
948 719 1013 807 τήν
1046 728 1120 806 ΘΕ,

103 823 210 904 ούτως
236 823 257 912 ή
286 833 350 893 ΕΘ
376 825 459 913 πρὸς
487 825 551 913 τήν
578 833 657 894 ΘΛ·
689 824 727 895 τὸ
755 824 822 914 ἄρα
848 823 914 894 ὑπὸ
942 831 1013 894 τῶν
1042 834 1119 912 ΚΘ,

104 939 169 999 ΘΛ
192 940 268 999 ίσον
292 931 360 999 ἐστὶ
382 942 429 1023 τῷ
454 928 519 1000 ἀπὸ
544 936 603 1019 τής
624 940 696 1000 ΕΘ.
741 937 800 1000 καί
821 934 911 1000 ἐστιν
936 929 1028 1021 ὀρθή
1052 933 1120 1012 έκα·

103 1040 182 1126 τέρα
208 1049 277 1106 τῶν
300 1034 365 1105 ὑπὸ
390 1044 506 1124 ΚΘΕ,
534 1045 633 1106 ΕΘΛ
656 1041 803 1125 γωνιῶν·
830 1035 868 1107 τὸ
896 1035 963 1125 ἄρα
986 1039 1043 1107 ἐπὶ
1065 1043 1119 1126 τῆς

103 1150 169 1211 KA
191 1141 409 1229 γραφόμενον
432 1142 632 1231 ἡμικύκλιον
654 1142 725 1231 ἥξει
743 1144 800 1212 καὶ
820 1143 876 1212 διὰ
895 1148 958 1212 τού
972 1152 1006 1212 Ε
1028 1146 1119 1230 [ἐπει-

53 1271 85 1320 10
105 1252 209 1335 δήπερ
234 1247 294 1316 έάν
317 1249 534 1336 ἐπιζεύξωμεν
556 1248 618 1336 τήν
641 1257 722 1336 ΕΛ,
746 1248 836 1338 ὀρθὴ
859 1255 987 1336 γίνεται
1012 1248 1034 1338 ἡ
1057 1249 1117 1319 ὑπὸ

104 1362 211 1424 ΛΕΚ
240 1361 346 1441 γωνία
382 1353 439 1422 διὰ
470 1353 508 1424 τὸ
541 1358 722 1443 ἰσογώνιον
760 1361 918 1442 γίνεσθαι
953 1355 992 1425 τὸ
1023 1363 1120 1424 ΕΛΚ

103 1467 270 1546 τρίγωνον
294 1462 436 1552 ἑκατέρω
459 1466 529 1529 των
552 1470 662 1549 ΕΛΘ,
690 1469 797 1530 ΕΘΚ
816 1462 1018 1549 τριγύνων].
1064 1465 1118 1532 ἐὰν

105 1566 147 1653 δή
176 1566 344 1653 μενούσης
370 1571 428 1653 τῆς
451 1574 516 1635 KA
544 1568 759 1656 περιενεχθὲν
785 1567 823 1636 τὸ
852 1565 1055 1655 ἡμικύκλιον
1078 1573 1119 1648 είς

103 1671 141 1740 τό
167 1669 249 1741 αύτό
272 1673 373 1741 πάλιν
397 1671 674 1763 ἀποκατασταθῇ,
698 1672 782 1743 ὅθεν
801 1672 923 1762 ήρξατο
943 1675 1117 1762 φέρεσθαι,

54 1801 86 1850 15
105 1778 174 1866 ήξει
197 1779 252 1846 καλ
277 1778 332 1846 διὰ
357 1790 425 1848 τῶν
449 1787 493 1865 Ζ,
516 1787 552 1846 Η
575 1786 721 1867 σημείων
745 1781 1033 1867 ἐπιζευγνυμένων
1056 1784 1119 1848 τῶν

106 1893 184 1971 ΖΛ,
210 1891 284 1951 ΛΗ
302 1886 358 1952 καὶ
380 1883 497 1971 ὀρθῶν
517 1883 639 1972 ὁμοίως
657 1888 846 1973 γινομένων
864 1889 933 1954 τῶν
952 1884 1038 1973 πρὸς
1055 1900 1121 1965 τοῖς

106 1999 149 2078 Ζ,
176 1999 212 2058 Η
238 1995 385 2078 γωνιῶν·
417 1991 473 2058 καὶ
506 1996 598 2059 ἔσται
625 1989 646 2078 ἡ
673 1992 819 2080 πυραμὶς
847 1996 975 2082 σφαίρᾳ
1003 2017 1122 2080 περιει-

106 2099 255 2183 λημμένη
282 2101 323 2186 τῇ
352 2102 502 2186 δοθείσῃ.
552 2095 573 2184 ἡ
601 2097 665 2185 γὰρ
694 2105 729 2166 Κ
734 2105 763 2164 A
795 2109 854 2184 τῆς
882 2102 1030 2184 σφαίρας
1057 2097 1124 2166 διά·

106 2228 225 2290 μετρος
255 2211 310 2288 ίση
323 2204 407 2271 ·έστλ
435 2208 474 2291 τή
503 2213 562 2290 τῆς
593 2208 753 2290 δοθείσης
785 2209 930 2292 σφαίρας
957 2204 1123 2295 διαμέτρῳ

54 2331 88 2380 20
105 2312 145 2396 τή
169 2316 250 2392 ΑΒ,
279 2309 453 2396 ἐπειδήπερ
482 2314 521 2398 τῇ
546 2310 607 2396 μὲν
630 2317 699 2377 AF
722 2319 777 2396 ἴση
801 2324 905 2378 κεῖται
928 2309 949 2396 ή
972 2317 1056 2396 ΚΘ,
1088 2315 1124 2399 πή

108 2415 145 2480 οε
168 2421 230 2481 ΓΒ
254 2413 274 2499 ἡ
299 2422 366 2480 οΛ.

175 2521 271 2604 Λέγω
305 2520 363 2606 δή,
397 2518 447 2589 ὅτι
475 2519 496 2607 ἡ
525 2532 583 2608 τῆς
611 2527 754 2610 σφαίρας
782 2521 958 2609 διάμετρος
987 2518 1125 2610 ἡμιολία

108 2626 177 2693 ἐστὶ
202 2625 344 2712 δυνάμει
366 2631 425 2713 τῆς
447 2635 593 2716 πλευρᾶς
616 2632 674 2715 τής
697 2633 892 2716 πυραμίδος.

172 2730 262 2799 Ἐπεὶ
284 2731 349 2821 γὰρ
373 2737 473 2818 διπλῆ
498 2736 588 2801 ἐστιν
611 2732 632 2820 ἡ
652 2741 721 2802 AF
739 2738 798 2820 τής
817 2740 893 2818 FB,
915 2738 1035 2821 τριπλή
1060 2733 1126 2823 ἄρα

55 2859 89 2909 25
108 2838 199 2906 ἐστὶν
222 2836 242 2924 ή
262 2846 327 2906 AB
351 2843 409 2925 τής
427 2846 501 2907 BF·
525 2836 771 2928 ἀναστρέψαντι
793 2837 929 2927 ἡμιολία
948 2838 1015 2927 ἄρα
1034 2841 1126 2909 ἐστὶν

108 2942 128 3030 ή
154 2952 216 3011 BA
244 2948 301 3031 τής
325 2952 398 3013 AF.
444 2943 490 3026 ὡς
518 2945 556 3013 δὲ
585 2943 605 3032 ή
630 2953 692 3014 BA
719 2945 803 3033 πρὸς
829 2944 891 3033 τήν
913 2953 989 3031 AF,
1020 2945 1126 3027 οὕτως

108 3049 146 3118 τὸ
172 3049 236 3118 ἀπὸ
260 3061 318 3137 τῆς
336 3059 398 3118 BA
420 3050 504 3140 πρὸς
525 3050 563 3120 τὸ
587 3050 652 3120 ἀπὸ
676 3057 735 3138 τής
754 3061 820 3119 AA
845 3051 1035 3141 [ἐπειδήπερ
1060 3055 1126 3121 έπι-

111 3158 332 3244 ζευγνυμένης
352 3163 411 3244 τής
435 3166 501 3226 ΔΒ
526 3161 615 3227 ἐστιν
646 3156 692 3238 ὡς
714 3155 734 3244 ή
758 3166 825 3225 BA
847 3157 931 3246 πρὸς
953 3156 1015 3244 τήν
1038 3167 1072 3226 A
1080 3169 1126 3244 A,

110 3261 217 3342 οὕτως
244 3260 263 3348 ή
293 3271 359 3330 ΔΑ
385 3263 469 3353 πρὸς
496 3263 558 3351 τήν
582 3271 650 3332 AF
675 3261 731 3332 διὰ
758 3263 820 3350 τήν
849 3261 1030 3350 ὁμοιότητα
1057 3270 1126 3333 τῶν

183 3430 206 3479 1,
227 3425 273 3496 τῇ]
295 3423 405 3494 εοιίρεὶ;
426 3425 475 3495 τῆς
493 3423 629 3492 PBVbq.
741 3430 767 3479 2.
788 3425 853 3496 ΘΛ]
873 3440 1027 3494 suprascr.
1047 3431 1071 3479 A
1091 3444 1125 3480 m.

97 3496 161 3552 1h,
240 3494 387 3554 ἐκκείσθω
402 3515 429 3569 q.
504 3491 795 3566 quemss.
861 3496 979 3549 Muto
994 3497 1051 3550 ΕΘ
1071 3497 1124 3552 del.
