2340 3818
350 156 626 207 manausoauu
644 156 753 206 arana
770 158 817 208 xr.
1049 153 1092 220 39

76 298 235 364 diculares
259 298 340 363 duae
362 302 470 364 rectae
494 299 535 363 ad
554 299 683 364 easdem
702 301 812 382 partes
832 299 913 384 erigi
932 321 998 364 non
1017 321 1092 384 pos-

78 409 169 487 sunt3
193 404 371 488 quoderat
394 405 688 470 demonstrandum.

539 580 627 646 XIV.

143 722 195 786 Ad
227 746 310 808 quae
338 724 437 808 plana
464 722 576 787 eadem
605 726 695 787 recta
726 721 1000 806 perpendicularis
1033 727 1091 806 est,

80 850 120 892 ea
142 829 307 912 parallela.
320 832 424 894 erunt.

146 935 245 1000 Recta
262 935 349 1000 enim
363 942 395 1000 A
401 939 430 999 Β
449 934 490 1000 ad
508 938 681 1018 utrumque
699 936 831 1019 planum
846 939 930 1021 ΓΛ,
944 939 1008 999 ΕΖ
1020 956 1091 1019 per-

74 1040 292 1124 pendicularis
316 1041 367 1106 sia
413 1040 494 1120 dieo,
518 1042 616 1125 plana
637 1040 798 1124 parallela
821 1064 900 1108 esse.

142 1148 276 1213 namsi
303 1148 423 1232 minus,
450 1148 609 1231 producta
637 1151 836 1212 concurrent.
882 1154 1089 1233 concurranl3

75 1274 279 1318 communem
297 1252 596 1339 igilur‘seclionem
613 1257 736 1318 rectam
754 1252 876 1318 facient
895 1256 998 1339 [prop.
1017 1253 1090 1336 ΙΠ].

72 1358 198 1424 faciant
215 1363 301 1443 Ha,
324 1363 358 1425 el
375 1361 410 1424 in
428 1363 497 1424 Ha
514 1362 671 1444 punctum
691 1359 860 1443 quodlibet
879 1365 1028 1427 sumatur
1045 1366 1089 1444 K,

73 1467 109 1529 et
136 1465 292 1530 ducantur
316 1468 399 1548 ΑΚ,
428 1468 504 1531 ΒΚ.
550 1469 582 1529 et
610 1465 764 1550 quoniam
785 1470 853 1531 AB
879 1466 1090 1552 perpendicu-

56 1569 157 1636 laris
190 1575 241 1635 esd
272 1572 313 1636 ad
344 1572 477 1656 planum
506 1576 584 1655 ΚΖ,
613 1572 712 1636 etiam
745 1573 786 1637 ad
812 1576 934 1638 teclam
961 1576 1031 1636 ΒΚ
1055 1574 1090 1638 in

332 1753 363 1798 F
657 1693 693 1741 ΙΙ
712 1680 811 1762 plano
839 1684 905 1744 ΕΖ
932 1679 1089 1763 producto

671 1703 704 1866 s
712 1787 854 1870 positam
880 1784 1090 1869 perpendicu-

142 1807 347 2002 ΔΕ
666 1875 701 1928 K
712 1892 791 1958 laris
821 1894 871 1955 est
893 1894 967 1954 ΑΒ.
1010 1910 1087 1973 ergo

243 1949 248 2126 Ι
714 2001 855 2074 [ΑΒΚ
893 1999 1000 2061 reclus
1039 1999 1089 2060 est

131 2073 324 2259 ΗΖ
715 2104 790 2186 [uf.
817 2104 860 2184 3].
911 2103 1023 2173 eadem
1050 2103 1089 2167 ae

86 2236 115 2285 Ε
592 2183 621 2235 Θ
715 2233 812 2277 causa
828 2211 926 2276 eliam
949 2214 971 2285 L
984 2210 1091 2273 ΒΑΚ

73 2320 182 2383 rectus
212 2323 269 2385 est.
312 2321 469 2406 trianguli
496 2320 597 2404 igilur
624 2323 732 2386 ΑΒΚ
758 2319 821 2383 duo
849 2315 962 2402 anguli
985 2316 1091 2380 ΑΒΚ

71 2426 114 2505 «1-
131 2428 237 2489 ΒΑΚ
259 2425 384 2491 duobus
407 2427 503 2491 rectis
528 2427 677 2511 aequales
701 2430 789 2509 sunt3
819 2422 906 2508 quod
928 2420 999 2486 fieri
1020 2442 1088 2485 non

71 2532 182 2613 potest
205 2529 249 2614 [l,
274 2533 338 2613 ll].
374 2532 485 2615 itaque
508 2532 606 2616 plana
622 2529 708 2614 ΤΛ,
722 2536 785 2596 ΕΖ
807 2552 874 2596 non
897 2531 1089 2594 concurrent

71 2635 241 2719 producta.
278 2658 355 2722 ergo
378 2639 477 2722 plana
490 2641 575 2722 ΓΔ,
594 2643 657 2702 ΕΖ
673 2637 833 2722 parallela
852 2639 929 2701 sunt
952 2634 1028 2716 [def.
1043 2636 1088 2716 8].

139 2742 230 2828 Ergo
258 2744 298 2807 ad
327 2766 409 2828 quae
436 2745 535 2828 plana
564 2745 676 2810 eadem
698 2747 788 2809 recia
810 2742 1086 2828 perpendicularis

71 2851 132 2930 est,
156 2870 195 2912 ea
217 2848 376 2932 parallela
399 2854 487 2935 sunl3
512 2851 596 2935 quod
620 2855 690 2916 erat
714 2847 1010 2915 demonstrandum.
