2340 3818
87 154 155 219 420
481 158 663 209 APPENDIX
681 158 716 208 ΙΙ.

88 323 171 383 τρον
199 296 267 364 ἐστὶ
295 300 356 365 τού
385 295 522 384 περὶτὰ
547 304 602 382 Μ,
633 302 677 382 Γ,
707 303 749 380 0,
781 304 810 364 Y
830 308 949 381 σημεῖα
973 295 1110 364 κύκλου.

90 402 276 489 ἐπεζεύχθω
305 400 326 485 ἡ
356 408 430 470 ΨΓ.
475 402 530 470 καὶ
559 404 629 471 ἐπεὶ
655 401 900 490 τετράπλευρον
930 404 969 470 ἐν
996 401 1110 493 κύκλφ

90 510 159 578 ἐστὶ
186 509 224 577 τὸ
257 513 409 594 ΜΓΟΨ,
441 509 496 576 καὶ
524 522 612 595 τρεῖς
639 513 676 577 αλ
704 519 794 594 ΨΜ,
828 515 908 594 ΜΓ,
941 514 1008 575 ΓΟ
1041 517 1111 575 ίσαι

90 613 248 701 ἀλλήλαις
271 620 373 700 εἰσίν,
400 616 456 682 καὶ
483 621 603 702 μείζων
627 617 718 685 ἐστὶν
740 615 762 703 ἡ
785 622 861 684 ΜΓ
879 618 938 701 τῆς
965 621 1044 700 ΤΟ,
1072 614 1111 683 τὸ

91 724 157 808 άρα
189 718 254 788 άπὸ
283 730 341 807 τῆς
368 726 447 788 ΜΓ
467 732 527 789 τοῦ
556 719 620 790 άκὸ
648 733 707 809 τῆς
731 729 797 792 ΓΦ
825 720 939 809 μεῖζόν
967 722 1062 789 ἐστιν
1089 717 1112 806 ἢ

92 825 279 896 διπλάσιον.
319 825 417 915 ἤχθω
441 825 507 895 άιιὸ
529 838 592 896 τοῦ
615 836 692 896 ΜΕ
713 830 766 897 ἐιιὶ
788 828 851 915 τὴν
874 833 942 895 ΓΦ
963 826 1115 906 κάθετος

92 931 112 1020 ἡ
137 940 224 1003 ΜΩ.
266 933 323 1000 καὶ
346 933 415 1002 ἐπεὶ
439 933 591 1002 ἐλάσσων
619 934 711 1002 ἐστὶν
733 933 754 1021 ἡ
780 940 845 1002 ΓΩ
867 942 926 1019 τῆς
948 939 1039 1018 ΩΔ,
1068 929 1116 1012 ὥς

92 1040 129 1107 δὲ
153 1038 173 1126 ἡ
197 1044 265 1107 ΓΩ
288 1037 371 1128 πρὸς
392 1038 454 1126 τὴν
477 1045 566 1124 ΩΑ,
594 1039 701 1120 οὕτως
722 1040 761 1108 τὸ
790 1039 854 1108 άπὸ
878 1050 937 1126 τῆς
958 1045 1029 1106 ΓΩ
1052 1050 1116 1107 τοῦ

92 1145 156 1214 οάιὸ
181 1149 238 1232 τῆς
260 1151 354 1231 ΩΜ,
381 1144 422 1212 τὰ
449 1146 516 1233 άρα
542 1144 607 1214 άιιὸ
636 1150 704 1214 τῶν
728 1151 808 1225 ΓΩ,
836 1152 919 1213 ΩΜ
941 1145 1116 1214 ἐλάσσονά

93 1255 161 1319 ἐστι
188 1261 250 1319 τοῦ
280 1251 331 1330 δὶς
359 1249 423 1319 άττὸ
452 1262 520 1319 τῶν
544 1257 629 1319 ΜΩ.
674 1249 760 1319 άλλά
782 1251 820 1320 τὸ
844 1249 910 1318 άτιὸ
935 1262 1007 1319 τῶν
1032 1257 1116 1336 ΓΩ,

93 1363 176 1424 ΩΜ
195 1365 271 1425 ίσον
294 1359 364 1425 ἐστὶ
386 1361 432 1448 τῷ
456 1355 521 1424 άπὸ
540 1361 598 1444 τῆς
616 1364 697 1427 ΜΓ.
728 1357 767 1426 τὸ
791 1356 856 1445 άρα
875 1355 941 1425 άκὸ
958 1361 1023 1444 ’τῆς
1040 1363 1120 1424 ΜΓ

94 1461 237 1530 ἔλασσόν
260 1464 330 1530 ἐστι
351 1467 414 1530 τοῦ
437 1463 490 1543 δὶς
512 1461 576 1530 ἀπὸ
600 1467 667 1532 τῶν
696 1468 777 1531 ΜΩ.
821 1463 860 1532 τὸ
891 1462 929 1531 δέ
956 1460 1026 1532 άπὸ
1054 1473 1118 1549 τῆς

93 1575 170 1637 ΜΓ
188 1572 250 1637 τοῦ
273 1567 338 1636 άπὸ
362 1572 421 1654 τῆς
443 1574 517 1636 ΓΨ
543 1569 655 1655 μεῖζόν
678 1571 768 1637 ἐστιν
792 1566 813 1656 ἢ
838 1568 1029 1638 διπλάσιον.
1076 1569 1116 1637 τὸ

94 1673 159 1761 άρα
183 1672 248 1742 άιιὸ
272 1678 330 1760 τῆς
349 1680 425 1742 ΜΩ
447 1686 509 1742 τού
533 1672 599 1743 άιτό
623 1679 681 1762 τῆς
700 1681 774 1743 ΓΨ
790 1675 902 1763 μεῖζόν
922 1677 1024 1744 ἐστιν.
1057 1675 1116 1742 καὶ

94 1783 164 1849 ἐπεὶ
188 1789 243 1867 ίση
269 1781 359 1848 ἐστὶν
386 1778 407 1866 ἡ
432 1786 492 1848 ΓΑ
514 1784 554 1869 τῇ
577 1788 669 1866 ΑΜ,
701 1788 776 1849 ίσον
805 1781 873 1849 ἐστὶ
900 1779 938 1848 τὸ
962 1779 1030 1848 άπὸ
1056 1786 1116 1867 τῆς

94 1895 125 1955 Γ
127 1896 155 1955 Θ
177 1892 222 1979 τῷ
246 1884 311 1954 άπὸ
335 1890 393 1972 τῆς
416 1890 500 1954 ΑΜ.
537 1884 622 1954 άλλά
644 1898 690 1978 τῷ
714 1887 775 1973 μὲν
798 1885 865 1955 άιιὸ
887 1890 946 1972 τῆς
969 1892 1000 1954 Γ
998 1895 1032 1954 Α
1058 1896 1115 1955 ίσα

95 1995 163 2061 ἐστὶ
186 1991 225 2061 τά
250 1991 315 2060 άπὸ
339 1995 407 2061 τιόν
425 1999 458 2060 Γ
466 2001 513 2078 Ψ,
544 1999 621 2060 ΨΑ.
664 1991 752 2080 ὀρθὴ
775 1993 841 2081 γάρ
865 1995 957 2060 ἐστιν
981 1989 1002 2077 ἡ
1028 1991 1116 2075 πρὸς

93 2104 138 2192 τῷ
168 2107 205 2166 Ψ
229 2103 345 2184 γωνία.
394 2102 440 2186 τῷ
469 2099 507 2166 δὲ
529 2097 594 2166 άιιὸ
623 2103 682 2184 τῆς
704 2106 781 2166 ΜΛ
809 2106 865 2165 ίσα
888 2098 958 2166 ἐστὶ
981 2095 1023 2164 τὰ
1048 2095 1113 2166 άκό

96 2208 164 2272 τῶν
184 2211 276 2290 ΜΩ,
299 2211 377 2271 ΩΑ.
420 2203 509 2292 ὀρθὴ
533 2203 597 2292 γάρ
621 2206 712 2272 ἐστιν
735 2201 842 2290 ἡύιιὸ
861 2210 972 2272 ΜΩΑ
993 2211 1113 2289 γωνία.

93 2309 134 2378 τά
161 2306 226 2378 άπὸ
253 2313 321 2377 τῶν
344 2316 433 2396 ΓΨ,
465 2318 536 2378 ΨΑ
563 2318 619 2378 ίσα
646 2310 715 2378 ἐστὶ
733 2322 812 2390 Ιτοῖς
834 2308 899 2378 άιτὸ
925 2312 995 2378 τῶν
1021 2315 1113 2395 ΜΩ,

94 2421 181 2502 ΩΑ,
211 2407 259 2483 ὧν
286 2414 323 2482 τὸ
352 2412 417 2483 άπὸ
445 2426 503 2504 τῆς
525 2423 603 2484 ΜΩ
631 2415 743 2503 μεῖζόν
772 2419 840 2484 ἐστι
868 2426 929 2484 τού
957 2415 1027 2484 ἀπὸ
1056 2421 1114 2501 τῆς

95 2528 176 2598 ΓΨ.
224 2519 345 2589 λοιττὸν
374 2521 440 2610 άρα
466 2521 503 2591 τὸ
532 2520 597 2591 άιιὸ
624 2526 682 2609 τῆς
713 2529 785 2590 ΨΑ
812 2521 925 2608 μεῖζόν
952 2523 1025 2589 ἐστι
1052 2526 1113 2591 τού

95 2627 161 2696 ἀπὸ
186 2631 245 2714 τῆς
267 2634 345 2696 ΑΩ.
387 2633 505 2714 μείζων
529 2625 638 2716 αραὴ
667 2631 734 2696 ΨΑ
755 2632 814 2714 τῆς
832 2633 915 2695 ΑΩ·
938 2625 959 2713 ἡ
984 2627 1026 2696 δὲ
1044 2634 1112 2696 ΑΩ

96 2741 215 2820 μείζων
234 2734 304 2802 ἐστὶ
321 2738 379 2820 τῆς
398 2736 433 2802 ἐκ
451 2737 512 2802 τού
529 2736 671 2821 κέντρου
684 2737 743 2820 τῆς
757 2733 938 2812 ἐλάσσονος
957 2739 1112 2823 σφαίρας.

95 2842 207 2929 πολλῷ
231 2837 296 2926 άρα
319 2838 340 2926 ἡ
363 2848 432 2908 ΨΑ
454 2845 574 2926 μείζων
592 2841 661 2908 ἐστὶ
683 2842 742 2926 τῆς
760 2842 795 2908 ἐκ
812 2844 874 2907 τοῦ
891 2840 1038 2925 κε’ντρου
1054 2844 1112 2926 τῆς

97 2944 279 3025 ἐλάσσονος
298 2951 450 3033 σφαίρας.
485 2945 542 3013 καλ
559 2942 580 3031 ἡ
596 2953 673 3013 ΑΨ
688 2946 832 3026 κάθετος
851 2946 903 3015 ἐπὶ
916 2944 954 3014 τὸ
971 2953 1016 3014 Μ
1017 2953 1116 3015 ΓΟΨ

97 3049 255 3119 ἐπίπεδόν
284 3053 383 3119 ἐστιν.
432 3049 470 3118 τὸ
499 3049 564 3139 άρα
587 3057 732 3120 ΜΓΟῬ
755 3053 913 3120 ἐπίπεδον
940 3049 983 3119 ού
1013 3055 1113 3133 ψαύει

96 3160 155 3242 τῆς
187 3155 369 3236 ἐλάσσονος
401 3162 553 3243 σφαίρας.
604 3155 660 3224 διὰ
692 3155 732 3224 τά
764 3154 849 3225 αὐτὰ
882 3155 925 3243 δὴ
953 3158 1012 3226 καὶ
1039 3157 1113 3226 ἑκά-

96 3286 195 3348 τερον
222 3266 290 3331 τῶν
316 3270 420 3330 Pon
425 3269 465 3349 T,
496 3270 569 3330 ΤΠ
571 3270 637 3331 ΡΣ
661 3262 913 3349 τετραπλεύρων
941 3261 981 3331 ού
1011 3264 1115 3345 ψαύει

95 3370 154 3454 τῆς
172 3366 355 3447 ἐλάσσονος
374 3373 533 3456 σφαίρας,
557 3365 637 3436 οὐδὲ
654 3366 692 3436 τὸ
708 3374 745 3435 Ν
748 3375 815 3435 ΣΡ
828 3373 997 3456 τρίγωνον
1012 3371 1115 3451 ψαύει

68 3358 144 3575 ,τῆς
161 3475 354 3563 ἐλάσσονος
374 3482 534 3569 σφαίρας.
566 3473 625 3545 ἐὰν
649 3471 695 3561 δὴ
711 3477 744 3541 ὲν
765 3472 964 3558 {mmm
985 3479 1117 3546 λοικῶν
