<?xml version="1.0" encoding="UTF-8"?>
<!DOCTYPE html PUBLIC "-//W3C//DTD XHTML 1.0 Transitional//EN"
    "http://www.w3.org/TR/xhtml1/DTD/xhtml1-transitional.dtd">
<html xmlns="http://www.w3.org/1999/xhtml" xml:lang="en" lang="en">
 <head>
  <title>
</title>
<meta http-equiv="Content-Type" content="text/html;charset=utf-8" />
  <meta name='ocr-system' content='tesseract 3.04.00' />
  <meta name='ocr-capabilities' content='ocr_page ocr_carea ocr_par ocr_line ocrx_word'/>
</head>
<body>
  <div class='ocr_page' id='page_1' title='image "./euclidisoperaom04unkngoog_0110.png"; bbox 0 0 2340 3818; ppageno 0'>
   <div class='ocr_carea' id='block_1_1' title="bbox 350 124 1090 194">
    <p class='ocr_par' dir='ltr' id='par_1_1' title="bbox 350 124 1090 194">
     <span class='ocr_line' id='line_1_1' title="bbox 350 124 1090 194; baseline 0.005 -18"><span class='ocrx_word' id='word_1_1' title='bbox 350 124 625 178; x_wconf 78' lang='lat' dir='ltr'>nnmmnroauu</span> <span class='ocrx_word' id='word_1_2' title='bbox 642 126 817 180; x_wconf 77' lang='lat' dir='ltr'>umnam.</span> <span class='ocrx_word' id='word_1_3' title='bbox 1046 127 1090 194; x_wconf 80' lang='lat'>95</span> 
     </span>
    </p>
   </div>
   <div class='ocr_carea' id='block_1_2' title="bbox 71 269 1090 358">
    <p class='ocr_par' dir='ltr' id='par_1_2' title="bbox 71 269 1090 358">
     <span class='ocr_line' id='line_1_2' title="bbox 71 269 1090 358; baseline 0.005 -24"><span class='ocrx_word' id='word_1_4' title='bbox 71 290 136 354; x_wconf 88' lang='lat' dir='ltr'>que</span> <span class='ocrx_word' id='word_1_5' title='bbox 160 269 267 334; x_wconf 88' lang='lat' dir='ltr'>solido</span> <span class='ocrx_word' id='word_1_6' title='bbox 286 269 351 335; x_wconf 90' lang='lat' dir='ltr'>tria</span> <span class='ocrx_word' id='word_1_7' title='bbox 368 269 674 355; x_wconf 81' lang='lat' dir='ltr'>parallelogramma</span> <span class='ocrx_word' id='word_1_8' title='bbox 692 269 809 354; x_wconf 82' lang='lat' dir='ltr'>tribus,</span> <span class='ocrx_word' id='word_1_9' title='bbox 831 291 912 354; x_wconf 91' lang='lat' dir='ltr'>quae</span> <span class='ocrx_word' id='word_1_10' title='bbox 930 273 971 336; x_wconf 88' lang='lat' dir='ltr'>iis</span> <span class='ocrx_word' id='word_1_11' title='bbox 990 294 1090 358; x_wconf 91' lang='lat' dir='ltr'>oppo-</span> 
     </span>
    </p>
   </div>
   <div class='ocr_carea' id='block_1_3' title="bbox 73 375 1091 674">
    <p class='ocr_par' dir='ltr' id='par_1_3' title="bbox 73 375 1091 674">
     <span class='ocr_line' id='line_1_3' title="bbox 73 375 1089 461; baseline 0.005 -20"><span class='ocrx_word' id='word_1_12' title='bbox 73 375 140 441; x_wconf 81' lang='lat' dir='ltr'>sita</span> <span class='ocrx_word' id='word_1_13' title='bbox 162 378 256 459; x_wconf 81' lang='lat' dir='ltr'>aunt,</span> <span class='ocrx_word' id='word_1_14' title='bbox 278 379 311 441; x_wconf 88' lang='lat' dir='ltr'>et</span> <span class='ocrx_word' id='word_1_15' title='bbox 333 376 484 460; x_wconf 89' lang='lat' dir='ltr'>aequalia</span> <span class='ocrx_word' id='word_1_16' title='bbox 507 381 540 440; x_wconf 91' lang='lat' dir='ltr'>et</span> <span class='ocrx_word' id='word_1_17' title='bbox 563 376 686 441; x_wconf 81' lang='lat' dir='ltr'>similia</span> <span class='ocrx_word' id='word_1_18' title='bbox 710 380 785 440; x_wconf 88' lang='lat' dir='ltr'>sunt</span> <span class='ocrx_word' id='word_1_19' title='bbox 814 377 859 458; x_wconf 90' lang='lat' dir='ltr'>[p.</span> <span class='ocrx_word' id='word_1_20' title='bbox 884 377 924 440; x_wconf 76' lang='lat'>77</span> <span class='ocrx_word' id='word_1_21' title='bbox 953 382 1021 444; x_wconf 88' lang='lat' dir='ltr'>not.</span> <span class='ocrx_word' id='word_1_22' title='bbox 1046 382 1089 461; x_wconf 86' lang='lat'>1].</span> 
     </span>
     <span class='ocr_line' id='line_1_4' title="bbox 73 469 1090 568; baseline 0.005 -23"><span class='ocrx_word' id='word_1_23' title='bbox 73 480 186 567; x_wconf 86' lang='lat' dir='ltr'>itaque</span> <span class='ocrx_word' id='word_1_24' title='bbox 217 485 325 548; x_wconf 85' lang='lat' dir='ltr'>totum</span> <span class='ocrx_word' id='word_1_25' title='bbox 352 483 491 549; x_wconf 85' lang='lat' dir='ltr'>solidum</span> <span class='ocrx_word' id='word_1_26' title='bbox 518 482 827 568; x_wconf 89' lang='lat' dir='ltr'>parallelepipedum</span> <span class='ocrx_word' id='word_1_27' title='bbox 855 486 924 547; x_wconf 87' lang='grc' dir='ltr'>ΑΕ</span> <span class='ocrx_word' id='word_1_28' title='bbox 949 469 1012 548; x_wconf 80' lang='lat' dir='ltr'>toti</span> <span class='ocrx_word' id='word_1_29' title='bbox 1039 506 1090 550; x_wconf 81' lang='lat' dir='ltr'>eo·</span> 
     </span>
     <span class='ocr_line' id='line_1_5' title="bbox 76 586 1091 674; baseline 0.003 -23"><span class='ocrx_word' id='word_1_30' title='bbox 76 586 142 654; x_wconf 80' lang='lat' dir='ltr'>lide</span> <span class='ocrx_word' id='word_1_31' title='bbox 164 588 441 674; x_wconf 85' lang='lat' dir='ltr'>parallelepipedo</span> <span class='ocrx_word' id='word_1_32' title='bbox 470 593 540 654; x_wconf 69' lang='grc' dir='ltr'>ΨΥ</span> <span class='ocrx_word' id='word_1_33' title='bbox 565 589 700 672; x_wconf 89' lang='lat' dir='ltr'>aequale</span> <span class='ocrx_word' id='word_1_34' title='bbox 728 591 778 653; x_wconf 85' lang='lat' dir='ltr'>est</span> <span class='ocrx_word' id='word_1_35' title='bbox 802 587 877 670; x_wconf 88' lang='lat' dir='ltr'>[def.</span> <span class='ocrx_word' id='word_1_36' title='bbox 903 588 970 671; x_wconf 88' lang='lat'>10].</span> <span class='ocrx_word' id='word_1_37' title='bbox 1017 590 1091 655; x_wconf 91' lang='lat' dir='ltr'>edu-</span> 
     </span>
    </p>
   </div>
   <div class='ocr_carea' id='block_1_4' title="bbox 72 2603 1098 3545">
    <p class='ocr_par' dir='ltr' id='par_1_4' title="bbox 72 2603 1098 3545">
     <span class='ocr_line' id='line_1_6' title="bbox 83 2603 1091 2688; baseline -0.002 -21"><span class='ocrx_word' id='word_1_38' title='bbox 83 2610 191 2672; x_wconf 78' lang='lat' dir='ltr'>cantur</span> <span class='ocrx_word' id='word_1_39' title='bbox 215 2609 294 2688; x_wconf 88' lang='grc' dir='ltr'>ΔΡ,</span> <span class='ocrx_word' id='word_1_40' title='bbox 321 2609 355 2669; x_wconf 93' lang='lat' dir='ltr'><em>X</em></span> <span class='ocrx_word' id='word_1_41' title='bbox 360 2610 390 2670; x_wconf 77' lang='lat' dir='ltr'><em>Y</em></span> <span class='ocrx_word' id='word_1_42' title='bbox 410 2609 443 2669; x_wconf 90' lang='lat' dir='ltr'>et</span> <span class='ocrx_word' id='word_1_43' title='bbox 465 2604 551 2668; x_wconf 86' lang='lat' dir='ltr'>inter</span> <span class='ocrx_word' id='word_1_44' title='bbox 574 2625 609 2668; x_wconf 85' lang='lat' dir='ltr'>se</span> <span class='ocrx_word' id='word_1_45' title='bbox 632 2607 826 2668; x_wconf 83' lang='lat' dir='ltr'>concurrant</span> <span class='ocrx_word' id='word_1_46' title='bbox 848 2603 882 2667; x_wconf 92' lang='lat' dir='ltr'>in</span> <span class='ocrx_word' id='word_1_47' title='bbox 904 2605 951 2685; x_wconf 90' lang='grc' dir='ltr'>Ω,</span> <span class='ocrx_word' id='word_1_48' title='bbox 979 2606 1013 2666; x_wconf 84' lang='lat' dir='ltr'>et</span> <span class='ocrx_word' id='word_1_49' title='bbox 1034 2622 1091 2683; x_wconf 93' lang='lat' dir='ltr'>per</span> 
     </span>
     <span class='ocr_line' id='line_1_7' title="bbox 85 2705 1092 2794; baseline -0.004 -21"><span class='ocrx_word' id='word_1_50' title='bbox 85 2713 236 2778; x_wconf 86' lang='lat' dir='ltr'>Treetae</span> <span class='ocrx_word' id='word_1_51' title='bbox 258 2713 326 2776; x_wconf 87' lang='grc' dir='ltr'>ΔΩ</span> <span class='ocrx_word' id='word_1_52' title='bbox 349 2711 507 2794; x_wconf 87' lang='lat' dir='ltr'>parallela</span> <span class='ocrx_word' id='word_1_53' title='bbox 531 2710 667 2774; x_wconf 83' lang='lat' dir='ltr'>dueatur</span> <span class='ocrx_word' id='word_1_54' title='bbox 690 2705 816 2794; x_wconf 45' lang='lat' dir='ltr'>lamp,</span> <span class='ocrx_word' id='word_1_55' title='bbox 840 2713 873 2775; x_wconf 88' lang='lat' dir='ltr'>et</span> <span class='ocrx_word' id='word_1_56' title='bbox 895 2708 1092 2793; x_wconf 78' lang='lat' dir='ltr'>producatur</span> 
     </span>
     <span class='ocr_line' id='line_1_8' title="bbox 83 2813 1091 2903; baseline -0.005 -23"><span class='ocrx_word' id='word_1_57' title='bbox 83 2820 138 2884; x_wconf 90' lang='grc' dir='ltr'>ΟΔ</span> <span class='ocrx_word' id='word_1_58' title='bbox 157 2818 199 2884; x_wconf 85' lang='lat' dir='ltr'>ad</span> <span class='ocrx_word' id='word_1_59' title='bbox 213 2841 260 2902; x_wconf 87' lang='grc' dir='ltr'>,α,</span> <span class='ocrx_word' id='word_1_60' title='bbox 278 2822 311 2882; x_wconf 88' lang='lat' dir='ltr'>et</span> <span class='ocrx_word' id='word_1_61' title='bbox 324 2818 514 2903; x_wconf 77' lang='lat' dir='ltr'>expleantur</span> <span class='ocrx_word' id='word_1_62' title='bbox 528 2816 632 2882; x_wconf 83' lang='lat' dir='ltr'>solida</span> <span class='ocrx_word' id='word_1_63' title='bbox 644 2819 733 2898; x_wconf 98' lang='grc' dir='ltr'>ΩΨ,</span> <span class='ocrx_word' id='word_1_64' title='bbox 748 2818 804 2880; x_wconf 91' lang='grc' dir='ltr'>ΡΙ.</span> <span class='ocrx_word' id='word_1_65' title='bbox 827 2815 936 2899; x_wconf 88' lang='lat' dir='ltr'>itaque</span> <span class='ocrx_word' id='word_1_66' title='bbox 952 2813 1091 2879; x_wconf 88' lang='lat' dir='ltr'>solidum</span> 
     </span>
     <span class='ocr_line' id='line_1_9' title="bbox 84 2901 1091 3010; baseline -0.007 -20"><span class='ocrx_word' id='word_1_67' title='bbox 84 2925 165 3010; x_wconf 83' lang='grc' dir='ltr'>ΨΩ,</span> <span class='ocrx_word' id='word_1_68' title='bbox 189 2923 279 2989; x_wconf 82' lang='lat' dir='ltr'>ouius</span> <span class='ocrx_word' id='word_1_69' title='bbox 299 2923 386 2988; x_wconf 85' lang='lat' dir='ltr'>basis</span> <span class='ocrx_word' id='word_1_70' title='bbox 405 2925 457 2987; x_wconf 87' lang='lat' dir='ltr'>est</span> <span class='ocrx_word' id='word_1_71' title='bbox 475 2926 552 2986; x_wconf 93' lang='grc' dir='ltr'>ΡΨ</span> <span class='ocrx_word' id='word_1_72' title='bbox 564 2901 914 3006; x_wconf 77' lang='lat' dir='ltr'>parallelogrammum,</span> <span class='ocrx_word' id='word_1_73' title='bbox 933 2921 962 2985; x_wconf 92' lang='lat' dir='ltr'>ei</span> <span class='ocrx_word' id='word_1_74' title='bbox 981 2923 1091 2984; x_wconf 91' lang='lat' dir='ltr'>autem</span> 
     </span>
     <span class='ocr_line' id='line_1_10' title="bbox 80 3028 1090 3118; baseline -0.002 -26"><span class='ocrx_word' id='word_1_75' title='bbox 80 3031 261 3117; x_wconf 87' lang='lat' dir='ltr'>oppositum</span> <span class='ocrx_word' id='word_1_76' title='bbox 284 3031 356 3118; x_wconf 61' lang='lat' dir='ltr'>tle,</span> <span class='ocrx_word' id='word_1_77' title='bbox 385 3029 489 3094; x_wconf 83' lang='lat' dir='ltr'>solido</span> <span class='ocrx_word' id='word_1_78' title='bbox 520 3033 603 3111; x_wconf 78' lang='grc' dir='ltr'>ΨΨ,</span> <span class='ocrx_word' id='word_1_79' title='bbox 630 3028 720 3093; x_wconf 86' lang='lat' dir='ltr'>euius</span> <span class='ocrx_word' id='word_1_80' title='bbox 742 3028 833 3092; x_wconf 88' lang='lat' dir='ltr'>basis</span> <span class='ocrx_word' id='word_1_81' title='bbox 856 3030 906 3092; x_wconf 87' lang='lat' dir='ltr'>est</span> <span class='ocrx_word' id='word_1_82' title='bbox 928 3031 1000 3091; x_wconf 91' lang='grc' dir='ltr'>ΡΨ</span> <span class='ocrx_word' id='word_1_83' title='bbox 1020 3048 1090 3110; x_wconf 90' lang='lat' dir='ltr'>par·</span> 
     </span>
     <span class='ocr_line' id='line_1_11' title="bbox 77 3133 1090 3223; baseline -0.002 -25"><span class='ocrx_word' id='word_1_84' title='bbox 77 3136 368 3223; x_wconf 79' lang='lat' dir='ltr'>allelogrammum,</span> <span class='ocrx_word' id='word_1_85' title='bbox 387 3135 417 3198; x_wconf 93' lang='lat' dir='ltr'>ei</span> <span class='ocrx_word' id='word_1_86' title='bbox 436 3137 545 3199; x_wconf 86' lang='lat' dir='ltr'>autem</span> <span class='ocrx_word' id='word_1_87' title='bbox 564 3133 752 3217; x_wconf 88' lang='lat' dir='ltr'>oppositum</span> <span class='ocrx_word' id='word_1_88' title='bbox 771 3137 851 3217; x_wconf 78' lang='grc' dir='ltr'>ΨΦ,</span> <span class='ocrx_word' id='word_1_89' title='bbox 874 3133 1009 3217; x_wconf 89' lang='lat' dir='ltr'>aequale</span> <span class='ocrx_word' id='word_1_90' title='bbox 1029 3134 1090 3215; x_wconf 82' lang='lat' dir='ltr'>est3</span> 
     </span>
     <span class='ocr_line' id='line_1_12' title="bbox 74 3239 1091 3320; baseline -0.003 -15"><span class='ocrx_word' id='word_1_91' title='bbox 74 3259 150 3311; x_wconf 86' lang='lat' dir='ltr'>nam</span> <span class='ocrx_word' id='word_1_92' title='bbox 169 3243 251 3308; x_wconf 88' lang='lat' dir='ltr'>etin</span> <span class='ocrx_word' id='word_1_93' title='bbox 265 3242 377 3308; x_wconf 89' lang='lat' dir='ltr'>eadem</span> <span class='ocrx_word' id='word_1_94' title='bbox 396 3242 467 3307; x_wconf 81' lang='lat' dir='ltr'>basi</span> <span class='ocrx_word' id='word_1_95' title='bbox 483 3245 557 3306; x_wconf 85' lang='lat' dir='ltr'>sunt</span> <span class='ocrx_word' id='word_1_96' title='bbox 571 3244 645 3304; x_wconf 90' lang='grc' dir='ltr'>ΡΨ</span> <span class='ocrx_word' id='word_1_97' title='bbox 660 3246 693 3305; x_wconf 92' lang='lat' dir='ltr'>et</span> <span class='ocrx_word' id='word_1_98' title='bbox 709 3241 768 3304; x_wconf 85' lang='lat' dir='ltr'>sub</span> <span class='ocrx_word' id='word_1_99' title='bbox 783 3240 894 3304; x_wconf 89' lang='lat' dir='ltr'>eadem</span> <span class='ocrx_word' id='word_1_100' title='bbox 909 3239 1091 3320; x_wconf 70' lang='lat' dir='ltr'>altitudine,</span> 
     </span>
     <span class='ocr_line' id='line_1_13' title="bbox 72 3342 1090 3431; baseline -0.009 -15"><span class='ocrx_word' id='word_1_101' title='bbox 72 3353 105 3415; x_wconf 75' lang='lat' dir='ltr'>et</span> <span class='ocrx_word' id='word_1_102' title='bbox 119 3353 231 3416; x_wconf 84' lang='lat' dir='ltr'>rectae</span> <span class='ocrx_word' id='word_1_103' title='bbox 245 3371 356 3415; x_wconf 90' lang='lat' dir='ltr'>eorum</span> <span class='ocrx_word' id='word_1_104' title='bbox 370 3348 548 3414; x_wconf 81' lang='lat' dir='ltr'>eminentes</span> <span class='ocrx_word' id='word_1_105' title='bbox 563 3348 641 3431; x_wconf 86' lang='grc' dir='ltr'>ΡΩ,</span> <span class='ocrx_word' id='word_1_106' title='bbox 656 3349 729 3430; x_wconf 74' lang='grc' dir='ltr'>ΡΨ,</span> <span class='ocrx_word' id='word_1_107' title='bbox 748 3342 832 3430; x_wconf 59' lang='lat' dir='ltr'>m,</span> <span class='ocrx_word' id='word_1_108' title='bbox 849 3348 923 3430; x_wconf 88' lang='grc' dir='ltr'>ΤΧ,</span> <span class='ocrx_word' id='word_1_109' title='bbox 938 3349 1006 3423; x_wconf 85' lang='grc' dir='ltr'>Σς,</span> <span class='ocrx_word' id='word_1_110' title='bbox 1022 3345 1090 3426; x_wconf 86' lang='grc' dir='ltr'>Σό,</span> 
     </span>
     <span class='ocr_line' id='line_1_14' title="bbox 76 3448 1098 3545; baseline -0.01 -25"><span class='ocrx_word' id='word_1_111' title='bbox 76 3452 148 3545; x_wconf 60' lang='grc' dir='ltr'>Ψρ,</span> <span class='ocrx_word' id='word_1_112' title='bbox 171 3457 246 3519; x_wconf 85' lang='grc' dir='ltr'>ΨΦ</span> <span class='ocrx_word' id='word_1_113' title='bbox 262 3454 298 3518; x_wconf 92' lang='lat' dir='ltr'>in</span> <span class='ocrx_word' id='word_1_114' title='bbox 315 3454 431 3519; x_wconf 83' lang='lat' dir='ltr'>iisdem</span> <span class='ocrx_word' id='word_1_115' title='bbox 449 3452 545 3519; x_wconf 82' lang='lat' dir='ltr'>reeti&#39;s</span> <span class='ocrx_word' id='word_1_116' title='bbox 565 3456 642 3516; x_wconf 84' lang='lat' dir='ltr'>aunt</span> <span class='ocrx_word' id='word_1_117' title='bbox 660 3454 744 3535; x_wconf 85' lang='grc' dir='ltr'>ΩΧ,</span> <span class='ocrx_word' id='word_1_118' title='bbox 763 3455 821 3520; x_wconf 68' lang='lat' dir='ltr'>en</span> <span class='ocrx_word' id='word_1_119' title='bbox 840 3448 1098 3535; x_wconf 64' lang='lat' dir='ltr'>[propllKlKl.</span> 
     </span>
    </p>
   </div>
   <div class='ocr_carea' id='block_1_5' title="bbox 0 0 1180 3818">
    <p class='ocr_par' dir='ltr' id='par_1_5' title="bbox 0 0 1180 3818">
     <span class='ocr_line' id='line_1_15' title="bbox 0 0 1180 3818; baseline 0 0"><span class='ocrx_word' id='word_1_120' title='bbox 0 0 1180 3818; x_wconf 95' lang='lat' dir='ltr'> </span> 
     </span>
    </p>
   </div>
  </div>
 </body>
</html>
