2340 3818
460 159 642 210 λοοεαοια
659 160 694 211 11.
1018 157 1083 223 395

57 323 163 384 ρηται
189 296 255 384 άρα
277 297 297 385 ἡ
318 303 451 365 ΑΒΓΔ
473 299 618 385 πυραμίς
640 294 687 379 είς
711 299 773 366 δύο
797 304 986 386 πυραμίδας
1009 307 1083 378 ίσας

61 401 227 489 ἀλλήλαις
250 405 304 472 καὶ
329 401 446 490 ὁμοίας
468 408 509 492 τῇ
533 403 603 493 ὅλη.

133 511 219 595 λέγω
244 511 303 598 δή,
329 509 379 578 ὁτι
403 511 457 578 καί
482 514 528 590 είς
552 509 616 579 δύο
638 516 806 597 πρίσματα
830 519 894 579 ίσα.
932 510 1000 578 ἐπεὶ
1018 508 1082 595 γάρ

63 623 124 701 ίση
153 617 245 685 ἐστίν
272 614 293 702 ἡ
316 623 384 683 ΒΛ
411 621 450 706 τῇ
476 623 554 703 ΛΓ,
583 616 761 684 διπλάσιόν
790 620 859 685 ἐστι
881 615 918 684 τὸ
943 623 1083 684 EHAB

64 723 417 810 παραλληλόγραμμον
438 728 500 790 τοῦ
518 730 557 791 Η
559 728 626 790 ΛΓ
644 723 819 809 τριγώνου.
859 724 914 791 καί
938 723 1008 791 ἐπεὶ
1032 723 1084 790 δέ·

66 833 209 913 δεικται,
243 827 312 914 ὅτι,
341 828 401 897 ἐάν
430 829 493 897 δύο
521 835 687 918 πρίσματα
714 827 780 897 ὑπὸ
808 832 846 897 τὸ
875 827 957 897 αὐτὸ
985 827 1082 913 ὕψος,

63 935 123 1002 ιιαί
145 934 184 1003 τὸ
208 936 269 1022 μὲν
293 940 360 1021 ἔχει
383 935 485 1020 βάσιν
507 935 869 1023 παραλληλόγραμμον,
892 934 930 1004 τὸ
955 935 993 1002 δὲ
1015 941 1084 1022 τρί-

64 1068 192 1128 γωνον,
214 1033 235 1129 ᾖ
260 1041 298 1108 δὲ
316 1041 496 1110 διπλάσιον
514 1041 552 1108 τὸ
572 1041 919 1129 παραλληλόγραμμον
937 1045 997 1108 τοῦ
1016 1067 1082 1126 τρι-

66 1148 194 1235 γώνου,
213 1157 270 1215 ίσα
289 1153 380 1215 ἔσται
398 1146 438 1215 τὰ
457 1152 635 1235 πρίσματα,
653 1147 692 1214 τὸ
712 1146 777 1235 άρα
795 1154 922 1234 πρίσμα
940 1147 978 1216 τὸ
993 1170 1081 1232 περι-

62 1254 228 1342 εχόμενον
257 1252 322 1322 ὑπὸ
351 1253 415 1322 δύο
444 1253 505 1340 μὲν
528 1252 703 1340 τριγώνων
730 1258 798 1323 των
821 1261 934 1341 MA,
963 1258 1080 1337 ΕΖΗ,

10 1394 13 1403 ·
62 1365 171 1449 τριών
208 1361 245 1428 δὲ
267 1359 638 1447 ,παραλληλογράμμων
673 1372 735 1428 τοῦ
768 1368 898 1428 Em
934 1362 989 1428 καί
1021 1364 1082 1430 τοῦ

61 1473 211 1534 ΕΒΛΗ
234 1467 291 1535 ιιαί
318 1472 366 1534 ἔτι
393 1469 454 1534 τοῦ
483 1473 625 1533 ΖΘΛΗ
652 1473 728 1534 ίσον
757 1466 824 1534 ἐστί
851 1471 896 1558 τῷ
924 1473 1082 1553 πρίσματι

10 1550 15 1633 ὁ
61 1577 107 1663 τῷ
144 1574 367 1664 περιεχομένῳ
400 1570 466 1640 ὑπὸ
495 1572 558 1639 δύο
586 1571 648 1658 μὲν
675 1571 850 1660 τριγώνων
876 1576 945 1640 τών
968 1579 1082 1656 ΗΓΛ,

59 1684 183 1763 ΖΘΚ,
222 1683 327 1765 τριών
365 1677 403 1745 δὲ
438 1677 794 1764 παραλληλογράμμων
830 1681 898 1745 των
934 1682 1081 1761 ΚΖΗΓ,

58 1789 216 1872 ΛΓΘΚ,
250 1790 395 1851 ΖΗΛΘ.
445 1782 599 1872 διῄρηται
632 1782 697 1870 άρα
729 1780 750 1869 ἡ
779 1789 911 1851 ΑΒΓΔ
938 1783 1082 1871 πυραμίς

57 1900 110 1972 είς
144 1917 180 1958 τε
213 1891 276 1959 δύο
307 1894 496 1977 πυραμίδας
528 1898 602 1969 ίσας
629 1888 788 1976 ἀλλήλαις
815 1890 870 1958 καί
898 1888 1015 1975 ὁμοίας
1041 1893 1080 1976 τῇ

58 1997 126 2087 ὅλη
155 1997 211 2064 ναί
239 2001 287 2077 είς
314 1996 378 2064 δύο
401 2001 568 2081 πρίσματα
596 2003 667 2080 ίσα,
694 1997 750 2062 καί
774 1995 938 2082 φανερόν,
968 1993 1017 2062 ὅτι
1041 1994 1081 2062 τὰ

59 2103 131 2173 δύο
158 2107 325 2190 πρίσματα
353 2109 409 2169 ίσα
437 2101 529 2169 ἐστίν
556 2097 576 2187 ἢ
603 2100 642 2169 τὸ
667 2100 770 2187 ἥμισυ
795 2106 854 2187 τῆς
878 2102 958 2188 ὅλης
980 2125 1081 2189 πυρα-

61 2214 166 2296 μίδος
189 2237 239 2276 :-

128 2416 210 2488 Ἐάν
234 2411 296 2488 ώσι
320 2419 383 2487 δύο
407 2423 590 2505 πυραμίδες
612 2416 677 2486 ὑπὸ
701 2417 739 2487 τὸ
764 2415 847 2488 αάτὸ
870 2418 958 2500 ὕψος
981 2413 1080 2488 οὖσαι
1100 2429 1117 2477 4

55 2527 118 2596 καί
151 2526 338 2613 τριγώνους
368 2529 504 2611 ἔχουσαι
531 2525 659 2611 βάσεις,
693 2529 851 2621 διαιρεθῇ
881 2526 918 2594 δὲ
946 2527 1082 2615 ἑκατέρα

59 2631 181 2701 αὐτῶν
204 2639 252 2711 είς
273 2656 309 2698 τε
328 2630 391 2699 δύο
410 2635 598 2717 πυραμίδας
622 2640 695 2710 ίσας
713 2629 873 2718 ἀλλήλαις
891 2633 945 2700 καί
966 2630 1083 2720 ὁμοίας

58 2744 102 2828 τῇ
129 2738 191 2826 ὅλη
210 2738 266 2804 καί
286 2740 334 2816 είς
351 2735 414 2805 δύο
433 2742 600 2824 πρίσματα
619 2745 694 2822 ίσα,
718 2741 810 2805 ἔσται
829 2736 875 2818 ώς
892 2736 987 2825 ἡτῆς
1005 2743 1082 2826 μιᾶς

57 2847 255 2931 πυραμίδος
272 2842 369 2929 βάσις
387 2841 471 2929 πρὸς
487 2841 550 2928 τὴν
566 2847 625 2928 τῆς
643 2843 756 2931 ἑτέρας
769 2848 957 2930 πυραμίδος
969 2844 1082 2930 βάσιν,

47 2951 172 3030 οὕτως
198 2948 238 3016 τὰ
268 2951 305 3017 ἐν
332 2952 373 3036 τῇ
401 2952 460 3036 μιᾷ
491 2951 655 3035 πυραμίδι
677 2954 845 3034 πρίσματα
867 2951 977 3018 πάντα
1000 2948 1083 3038 πρὸς

56 3055 100 3124 τά
130 3058 169 3124 ἐν
197 3059 237 3142 τῇ
266 3056 362 3145 ἑτέρᾳ
390 3058 552 3141 πυραμίδι
579 3058 746 3142 πρίσματα
763 3054 878 3122 ,πάντα
903 3059 1082 3144 ἰσοπληθῆ.

128 3167 280 3231 ἔστωσαν
310 3159 373 3230 δύο
400 3164 584 3247 πυραμίδες
610 3157 676 3227 ὑπὸ
705 3159 742 3228 τὸ
767 3158 848 3228 αὐτὸ
872 3158 959 3243 ὕψος
983 3156 1101 3232 οὖσαι

57 3269 117 3337 ναί
139 3267 329 3357 τριγώνους
352 3272 487 3354 ἔχουσαι
511 3267 625 3351 βάσεις
646 3269 706 3345 τὰς
729 3273 843 3352 ΑΒΓ,
871 3271 996 3354 ΜΝΞ,
1027 3296 1083 3338 κο-

56 3373 174 3463 ρυφάς
207 3373 246 3443 δὲ
277 3372 318 3440 τά
346 3381 398 3458 Δ,
432 3378 461 3438 0
488 3384 622 3458 σημεῖα,
653 3372 709 3439 καί
740 3372 917 3461 διηρήσθω
946 3375 1083 3463 ἑκατέρα

55 3478 174 3550 αὐτῶν
199 3487 248 3558 είς
271 3503 305 3545 τε
325 3477 387 3546 δύο
406 3481 596 3565 πυραμίδας
621 3485 695 3559 ίσας
713 3474 878 3565 ἀλλήλαις
892 3481 953 3546 mk
970 3478 1099 3562 ὁμοίως
