2340 3818
101 142 166 207 236
474 144 675 197 Στοαειαυ
694 139 745 218 ιμ’.

102 286 259 372 εἰρημένα
286 283 509 373 τετράπλευρα
538 285 593 352 καλ
624 282 662 352 τδ
686 287 778 361 ΥΡΞ
801 289 969 373 τρίγωνον
996 278 1120 353 καὶτὰ

106 389 253 478 ὁμοταγῆ
279 388 408 478 αύτοῑς,
432 388 564 480 κορυφὴ
589 390 626 458 δὲ
649 390 687 459 τδ
713 399 745 458 Α
768 404 915 477 σημεῖον.

170 499 266 585 Λέγω
273 550 283 584 ,
311 496 363 566 ὅτι
391 495 429 566 τὸ
453 499 631 586 εἰρημένον
658 495 847 586 πολύεδρον
871 497 934 565 οὐκ
958 493 1145 584 ἐφάψεται·

102 607 159 689 τῆς
188 604 370 684 ἐλάσσονος
393 611 538 692 σφαίρας
560 602 643 672 κατὰ
671 600 734 690 τὴν
758 602 973 689 ἐπιφάνειαν,
1003 600 1054 690 ἐφ’
1078 593 1117 689 ἧς

68 711 194 778 σέστιν
219 707 237 779 ὁ
262 717 362 778 ΖΗΘ
385 708 514 790 κύκλος.

160 815 279 902 Ἤχθω
313 813 378 883 ἀπὸ
410 818 472 884 τοῦ
498 824 531 883 A
563 821 703 903 σημείου
735 816 788 883 ἐπὶ
819 814 868 883 τὸ·
891 819 953 884 τού
982 821 1123 883 ΚΒΟΣ

102 922 347 1010 τετραπλεύρου
374 923 531 990 έπίπεδον
559 922 703 1001 κάθετος
729 921 749 1008 ἡ
779 929 860 990 ΑΨ
886 921 943 990 καί
973 927 1121 1008 συμβαλ·

103 1030 185 1096 λέτιο
209 1031 254 1118 τῷ
279 1030 421 1120 έπιπέδμ
444 1027 527 1096 κατὰ
551 1027 589 1097 τὸ
613 1037 651 1096 Ψ
672 1042 822 1115 σημεῖον,
844 1029 901 1095 καί
920 1027 1121 1116 ἐπεζεύχθω-

104 1154 168 1202 σαν
197 1136 235 1200 αί
259 1141 345 1218 ΨΒ,
378 1140 458 1201 ΨΚ.
504 1119 562 1202 καί
589 1134 659 1202 ἐπεί
681 1131 703 1219 ἡ
727 1141 807 1200 ΑΨ
832 1129 921 1222 ὀρθή
945 1136 1016 1201 ἐστι
1037 1132 1123 1222 πρὸς

51 1259 85 1310 10
103 1242 141 1308 τὸ
164 1243 225 1306 τοῦ
249 1245 390 1307 ΚΒΟΣ
409 1239 655 1329 τετραπλεύρου
680 1243 849 1325 ἐπίπεδον,
876 1237 1040 1328 καὶπρὸς
1063 1239 1122 1307 πιλ-

104 1365 164 1425 σας
193 1343 259 1433 ίίρα
285 1343 343 1426 τὰς
371 1343 557 1433 ἁπτομένας
585 1344 690 1433 αὐτῆς
717 1344 852 1426 εὐθείας
878 1346 935 1414 καλ
958 1345 1064 1426 ούσας
1086 1348 1122 1415 έν

103 1456 148 1544 τῷ
181 1465 242 1521 τοῦ
274 1452 520 1541 τετραπλεύρου
553 1454 695 1545 ἐπιπέδῳ
729 1450 819 1540 ὀρθή
847 1455 945 1520 ἐστιν.
996 1451 1017 1539 ἡ
1046 1461 1128 1521 ΑΨ

104 1557 170 1646 ἄρα
203 1557 291 1646 ὀρθή
320 1560 389 1627 έστι
420 1557 503 1647 πρὸς
531 1560 689 1646 ἑκατέραν
718 1568 787 1626 τῶν
815 1564 902 1646 ΒΨ,
934 1566 1016 1627 ΨΚ.
1067 1561 1122 1627 καλ

104 1665 174 1733 ἐπεὶ
202 1673 257 1752 λση
286 1667 377 1734 ἐστὶν
405 1663 425 1752 ἡ
449 1673 514 1733 ΑΒ
537 1670 577 1754 τῇ
600 1672 686 1749 ΑΚ,
713 1673 789 1732 ίσον
817 1663 887 1732 ἐστὶ
914 1663 1031 1733 καὶτὸ
1058 1660 1123 1732 ἀπὸ

51 1787 84 1838 15
103 1775 161 1857 τῆς
183 1780 249 1840 ΑΒ
277 1776 321 1864 τῷ
351 1770 416 1839 ιἰπδ
443 1775 502 1857 τῆς
525 1776 603 1838 ΑΚ.
643 1776 704 1838 καί
728 1772 798 1838 ἐστι
819 1774 865 1861 τῷ
889 1769 951 1857 μὲν
974 1767 1041 1838 ιἰπδ
1066 1775 1125 1858 τῆς

104 1886 169 1946 ΑΒ
198 1887 254 1946 ίσα
280 1876 321 1946 τὰ
349 1875 414 1945 ιἰπδ
442 1882 511 1947 τῶν
538 1887 571 1946 A
580 1886 630 1963 Ψ,
664 1885 746 1945 ΨΒ·
780 1874 869 1964 ὀρθὴ
896 1875 962 1963 μδιρ
990 1874 1011 1962 ἡ
1040 1875 1124 1965 πρὸς

104 1988 149 2076 τῷ
176 1992 221 2051 Ψ·
243 1988 289 2076 τῷ
314 1984 351 2052 δὲ
374 1981 439 2052 ἀπὸ
462 1987 520 2071 τῆς
539 1992 610 2052 ΑΚ
628 1993 684 2052 ίσα
702 1983 743 2051 τὰ
762 1980 827 2051 ἀπὸ
846 1992 915 2050 τῶν
929 1991 962 2050 A
972 1991 1018 2069 Ψ,
1043 1991 1119 2053 ΨΚ.

104 2089 144 2157 τὰ
173 2088 239 2176 ἄρα
268 2088 333 2158 ἀπὸ
360 2094 428 2158 τῶν
457 2099 547 2176 ΑΨ,
584 2098 653 2158 ΨΒ
681 2089 746 2157 λσοῖ
767 2090 836 2157 ἐστὶ
862 2103 933 2169 τοῖς
959 2087 1025 2158 ἀπὸ
1055 2095 1121 2159 τῶν

105 2203 137 2262 A
147 2202 198 2279 Ψ,
225 2203 306 2262 ΨΚ.
351 2196 470 2263 κοινὸν
493 2194 683 2284 ἄφηρήσθα
707 2192 745 2264 τδ
769 2193 835 2263 ἆπδ
859 2205 918 2281 τῆς
940 2204 973 2263 A
984 2205 1030 2264 Ψ·
1057 2206 1122 2266 λοι·

51 2319 87 2368 20
104 2298 170 2369 πδν
204 2299 269 2387 ἄρα
300 2298 338 2367 τδ
371 2299 438 2369 ἀπὸ
469 2305 527 2387 της
554 2310 630 2370 ΒΨ
658 2305 762 2393 λοιπῷ
791 2311 837 2393 τῷ
865 2299 930 2368 ύπδ
959 2306 1020 2390 τῆς
1054 2309 1121 2370 ΨΚ

105 2415 181 2474 ίσον
205 2408 308 2473 ἐστίν·
337 2413 392 2491 ίση
417 2404 523 2493 ίίραί
550 2413 626 2474 ΒΨ
646 2410 686 2496 τῇ
714 2413 795 2474 ΨΚ.
841 2405 965 2493 ὁμοίως
988 2408 1030 2495 δὴ
1056 2413 1120 2478 δἐί-

105 2516 216 2599 ξομεν,
240 2509 290 2580 ὅτι
312 2511 368 2578 καὶ
392 2515 429 2578 αί
449 2509 515 2579 ἀπὸ
539 2516 600 2578 τοῦ
625 2520 662 2579 Ψ
681 2513 734 2581 ἐπὶ
752 2513 793 2580 τὰ
813 2520 858 2599 0,
881 2523 917 2582 Σ
932 2515 1121 2601 ἐπιζευγνύ-

105 2645 203 2705 μεναι
230 2613 361 2685 εὐθεῖαι
389 2624 459 2683 ίσαι
487 2619 573 2684 είσλν
601 2619 739 2709 ἑκατέρα
760 2624 829 2688 τῶν
852 2620 942 2708 ΒΞΨ,
973 2628 1057 2689 ΨΚ.
1102 2617 1119 2688 δ

105 2723 170 2811 ἄρα
193 2725 318 2816 κέντρῳ
341 2727 401 2816 τῷ,
416 2732 453 2791 Ψ
472 2725 527 2792 καὶ
551 2727 747 2812 διαστήματι
771 2726 822 2794 ἑνὶ
844 2731 913 2795 τῶν
938 2733 1021 2812 ΨΒ,
1049 2733 1122 2796 ΨΚ

51 2848 85 2898 25
104 2830 318 2918 γραφόμενος
341 2829 463 2911 κύκλος
487 2829 556 2916 ἥξει
578 2831 634 2899 καλ
654 2830 711 2899 διδι
729 2836 798 2902 τῶν
818 2839 862 2918 0,
885 2840 932 2920 Σ,
955 2834 1012 2901 καί
1031 2839 1122 2902 ἔσται

51 2931 54 2934 ’
106 2939 142 3004 έν
165 2936 276 3028 κύκλῳ
299 2935 337 3004 τὸ
360 2943 506 3004 ΚΒΟΣ
525 2937 780 3027 τετράπλευρον.

172 3043 240 3111 Καὶ
269 3043 338 3110 ἐπεὶ
366 3049 486 3129 μείζων
514 3045 605 3112 ἐστὶν
628 3041 649 3130 ἡ
673 3051 739 3113 ΚΒ
762 3049 823 3132 τῆς
844 3052 928 3132 ΧΦ,
957 3053 1013 3132 ἴση
1037 3042 1117 3131 δδὴ

105 3157 174 3217 ΧΦ
196 3154 236 3238 τῇ
260 3155 342 3236 ΣΟ,
370 3155 490 3236 μείζων
518 3147 584 3239 ἄρα
612 3147 632 3237 ἡ
657 3157 723 3219 ΚΒ
750 3155 809 3239 τῆς
832 3158 907 3219 ΣΟ.
957 3159 1013 3238 ίση
1038 3147 1118 3238 δδὴ

178 3336 200 3382 1
222 3325 384 3387 ῬιιΡΒΚ
475 3334 534 3382 20
520 3324 722 3468 ὁΙροιοιαηηέΒ.
813 3326 888 3384 3.λέ
889 3325 985 3400 ηήαδ
1004 3346 1031 3397 q.

105 3400 581 3470 9.,ΨΒ].ΒοοοιεΡΒΨλ7
681 3395 806 3457 ἐστ.ινΡ
880 3349 1119 3472 10.ΚΒΟΣ]Σ

100 3487 206 3527 econ
225 3489 262 3527 m
285 3417 942 3542 1P,mut'‚in31<0q.2m1v131<02q.
1023 3490 1118 3543 τετρα-
