2340 3818
111 137 152 201 37
157 137 175 201 8
510 138 692 189 APPENDIX
710 138 731 190 1.

106 277 216 366 ἡΑΛ
238 277 373 365 ἡμίσεια
396 283 455 365 τῆς
473 285 548 346 ΑΒ.
578 275 660 364 ῤἠτὴ
680 275 745 364 ἄρα
763 276 819 372 ααὶ
838 272 859 361 ἡ
877 282 954 342 ΑΔ.
985 273 1041 340 καὶ
1061 273 1127 341 ἐπεὶ

109 383 358 454 πενταπλάσιον
381 383 418 452 τὸ
442 381 508 452 ἀπὸ
534 390 595 452 ΓΔ
617 387 679 452 τοῦ
702 381 768 451 ἀπὸ
793 390 873 466 ΔΑ,
903 383 940 447 αἱ
962 386 1040 465 ΓΔ,
1064 387 1128 446 ΔΑ

109 491 177 580 ἄρα
199 494 299 579 ῥηταί
320 496 407 560 εἰσιν
430 489 573 577 δυνάμει
598 489 705 576 μόνον
735 489 927 575 σύμμετροι.
978 485 1126 572 ἀποτομὴ

110 596 175 684 ἄρα
203 596 224 683 ἡ
256 605 330 667 ΛΓ.
380 597 462 684 ῥητὴ
492 596 530 664 δὲ
557 594 577 683 ἡ
605 603 680 663 ΑΒ.
730 593 768 663 τὸ
797 594 835 662 δὲ
862 592 929 662 ἀπὸ
959 594 1127 681 ἀποτομῆς

74 703 198 792 οπαρὰ
225 702 330 790 ῥητὴν
357 702 656 790 παραβαλλόμενον
683 700 806 780 πλάτος
829 713 919 768 ποιεῖ
941 698 1126 786 ἀποτομήν·

110 807 260 898 ἀποτομὴ
290 811 356 896 ἄρα
387 810 478 878 ἐστὶν
506 807 527 896 ἡ
556 815 625 877 ΒΓ.
677 809 833 893 ἑκάτερον
861 804 928 892 ἄρα
955 809 1024 873 τῶν
1054 811 1124 890 ΑΓ,

109 923 170 985 ΓΒ
194 914 346 1001 ἀποτομή
361 919 462 983 ’ἐστιν
486 912 518 982 ὀ·
541 913 819 1002 προσαρμόζουσα
843 911 881 979 δὲ
904 916 964 998 τῆς
983 911 1047 997 μὲν
1065 917 1128 979 ΑΓ

109 1019 236 1108 ἡΑΛ,
259 1031 317 1106 τῆς
340 1020 377 1088 δὲ
400 1026 460 1088 ΓΒ
484 1017 505 1106 ἡ
530 1026 599 1088 ΓΔ.

596 1218 645 1283 10.

379 1342 436 1406 Ad
459 1342 545 1407 libr.
568 1340 650 1405 XIII
672 1363 776 1425 prop.
802 1340 852 1405 18.

164 1460 293 1542 ’Ἁλλως
316 1461 366 1531 ὅτι
390 1469 509 1549 μείζων
533 1463 624 1530 ἐστὶν
647 1459 667 1547 ἡ
692 1469 764 1529 ΜΒ
788 1466 846 1548 τῆς
868 1467 946 1529 ΝΒ.

57 1583 90 1632 10
172 1563 261 1634 Ἐπεὶ
284 1567 348 1657 μὰρ
372 1573 472 1657 διπλῆ
497 1571 587 1637 ἐστιν
610 1568 631 1655 ἡ
651 1577 717 1635 ΑΔ
739 1571 796 1654 τῆς
815 1574 896 1653 ΑΒ,
920 1573 1043 1654 τριπλῆ
1062 1568 1123 1653 ἄρα

109 1670 219 1757 ἡΑΒ
248 1678 306 1760 τῆς
328 1682 402 1742 ΒΛ.
448 1672 493 1754 ὡς
521 1674 558 1742 δὲ
585 1673 606 1760 ἡ
630 1681 696 1741 ΑΒ
720 1672 803 1760 πρὸς
824 1670 886 1759 τὴν
910 1680 989 1758 ΒΔ,
1020 1670 1122 1752 οὕτως

108 1778 145 1847 τὸ
171 1778 237 1848 ἀπὸ
260 1785 319 1867 τῆς
341 1788 407 1848 ΑΒ
434 1778 518 1866 πρὸς
544 1781 582 1848 τὸ
605 1777 670 1847 ἀπὸ
699 1783 757 1865 τῆς
780 1786 842 1846 ΒΖ
865 1777 983 1847 διὰτὸ
1007 1778 1121 1865 ἰσογώ-

109 1913 185 1954 νιον
209 1885 295 1954 εἶναι
318 1885 355 1955 τὸ
376 1893 470 1953 ΖΑΒ
494 1891 660 1973 τρίγωνον
683 1888 729 1976 τῷ
749 1892 844 1953 ΖΔΒ
863 1884 1027 1976 τριγώνῳ.
1060 1912 1120 1971 τρι-

108 1993 251 2060 πλάσιον
270 1992 336 2080 ἄρα
355 1991 392 2060 τὸ
412 1990 477 2060 ἀπὸ
497 1996 556 2078 τῆς
569 2000 635 2060 ΑΒ
654 1997 716 2060 τοῦ
735 1990 800 2059 ἀπὸ
820 1994 878 2077 τῆς
891 1998 963 2060 ΒΖ.
987 1995 1117 2079 ἐδείχθη

57 2112 89 2160 15
109 2098 146 2166 δὲ
173 2099 210 2166 τὸ
240 2097 304 2166 ἀπὸ
332 2109 390 2186 τῆς
417 2105 482 2165 AB
509 2102 571 2165 τοῦ
599 2095 665 2165 ἀπὸ
693 2102 752 2185 τῆς
774 2103 838 2164 ΚΛ
865 2100 1118 2166 πενταπλάσιον.

107 2206 204 2271 πέντε
227 2203 292 2291 ἄρα
314 2204 355 2273 τὰ
379 2203 444 2274 ἀπὸ
462 2208 521 2292 τῆς
540 2210 605 2271 ΚΛ
624 2204 712 2292 τρισὶ
730 2218 800 2284 τοῖς
823 2200 888 2271 ἀπὸ
907 2208 966 2290 τῆς
985 2211 1049 2271 ΖΒ
1069 2213 1118 2271 λσα

108 2312 207 2377 ἐστίν.
260 2307 343 2377 ἀλλὰ
376 2317 452 2398 τρία
483 2310 523 2377 τὰ
552 2307 616 2377 ἀπὸ
645 2313 703 2396 τῆς
727 2317 787 2377 ΖΒ
816 2311 850 2390 ἓξ
877 2313 946 2377 τῶν
976 2306 1043 2377 ἀπὸ
1067 2313 1118 2396 τῆς

107 2421 175 2483 ΝΒ
203 2415 337 2501 μείζονά
365 2418 464 2484 ἐστιν.
515 2416 570 2483 καὶ
597 2416 694 2483 πέντε
721 2414 787 2502 ἄρα
813 2414 854 2482 τὰ
882 2413 947 2482 ἀπὸ
976 2419 1036 2501 τῆς
1059 2422 1117 2482 ΚΛ

107 2523 141 2602 ἓξ
166 2531 234 2589 τῶν
261 2519 327 2589 ἀπὸ
354 2525 413 2607 τῆς
435 2529 503 2590 ΝΒ
534 2520 668 2608 μείζονά
692 2524 791 2589 ἐστιν.
837 2520 999 2590 ὥστεκαὶ
1024 2527 1061 2590 ἓν
1082 2519 1116 2588 τὸ

55 2640 88 2688 20
108 2624 173 2695 ἀπὸ
206 2630 263 2713 τῆς
296 2633 360 2693 ΚΛ
393 2626 470 2706 ἑνὸς
500 2632 560 2694 τοῦ
593 2624 658 2695 ἀπὸ
691 2631 749 2713 τῆς
778 2633 846 2695 ΝΒ
878 2630 989 2715 μεῖζόν
1024 2632 1118 2698 ἐστιν.

106 2739 225 2820 μείζων
252 2733 319 2819 ἄρα
349 2731 369 2819 ἡ
394 2741 458 2801 ΚΛ
488 2738 546 2820 τῆς
569 2741 642 2801 ΝΒ.
688 2742 743 2820 ἴση
772 2734 810 2801 δὲ
837 2731 857 2819 ἡ
882 2739 946 2800 ΚΛ
973 2739 1013 2823 τῇ
1039 2742 1120 2802 ΛΜ.

106 2847 225 2926 μείζων
249 2838 315 2926 α’ἱρα
344 2837 364 2925 ἡ
390 2847 471 2908 ΛΜ
492 2844 551 2926 τῆς
573 2848 650 2908 ΝΒ.
678 2844 811 2932 ’πολλῷ
835 2839 901 2928 ἄρα
923 2838 944 2927 ἡ
968 2848 1042 2908 ΜΒ
1065 2845 1120 2927 τῆς

105 2952 177 3011 ΒΝ
201 2952 330 3030 μείζων,
348 2947 450 3012 ἐστίν·
479 2944 559 3032 ὅπερ
589 2950 656 3014 ἔδει
680 2947 794 3026 δεῖξαι.
844 2944 896 3013 ὅτι
920 2945 959 3013 δὲ
980 2953 1058 3031 τρία
1081 2946 1119 3014 τὰ

105 3047 170 3116 ἀπὸ
193 3053 252 3135 τῆς
275 3057 335 3117 ΖΒ
359 3052 392 3131 ἓξ
415 3061 482 3118 τῶν
506 3049 571 3117 ἀπὸ
594 3054 652 3137 τῆς
674 3055 747 3118 ΒΝ
766 3051 899 3138 μείζονά
923 3055 1032 3138 ἐστιν,
1057 3058 1121 3122 δεί-

179 3232 218 3279 10.
238 3225 307 3282 Post
326 3228 417 3293 δεῖξαι
436 3246 462 3297 p.
483 3233 544 3295 336,
567 3234 599 3281 14
617 3229 681 3283 hab.
700 3226 814 3299 PBVq.

177 3392 201 3440 7.
222 3383 254 3458 ὁ]
275 3388 302 3444 h.
322 3404 345 3441 e.
366 3380 435 3453 ὅπερ
455 3385 514 3441 ἔδει
533 3388 634 3452 δεῖξαι.
724 3394 749 3442 9.
769 3386 836 3442 Post
853 3391 910 3442 NB
929 3389 992 3444 add.
1014 3391 1054 3446 V:
1075 3389 1125 3447 ἅλ-

97 3461 155 3522 λας
173 3458 317 3529 δεικτέον,
342 3453 387 3514 ὅτι
405 3459 506 3529 μείζων
531 3453 606 3512 ἐστὶν
628 3454 647 3528 ἡ
670 3458 720 3512 τοῦ
739 3457 926 3528 εἰκοσαέδρου
945 3460 1057 3532 πλευρὰ
1076 3466 1126 3535 τῆς
