2340 3818
102 128 167 192 120
470 131 671 185 ΣΤΟΙΧΕΙΩΝ
690 128 745 184 ια’.

99 278 257 355 πλευραῖς
284 279 358 349 ἴσας
385 272 450 352 ἕξει
478 272 636 358 ἑκατέραν
659 273 804 362 ἑκατέρᾳ.
851 280 907 358 ἴση
936 270 1002 355 ι’ίρα
1025 273 1061 338 ἐσ

100 374 121 461 v}
145 382 214 443 ΑΓ
236 380 276 463 vy}
301 385 376 444 AZ.
428 375 551 462 ὁμοίως
578 377 620 463 δὴ
650 381 813 464 δείξομεν,
842 376 895 445 ὅτι
920 378 977 444 καὶ
1004 375 1025 463 v}
1051 423 1062 443 ι

99 486 139 570 vy}
179 490 247 549 AE
282 485 373 550 ἐστιν
410 491 465 568 ἴση
507 481 640 566 [οὕτως
684 484 935 571 ἐπεζεύχθωσαν
972 488 1010 550 αἴ
1040 491 1062 550 Θ

101 596 182 658 ME.
237 589 293 656 καὶ
321 590 390 657 ἐπεὶ
417 588 455 657 τὸ
484 588 550 658 ἀπὸ
579 595 638 675 τῆς
661 598 727 658 ΑΘ
753 599 829 657 ἴσον
856 592 925 658 ἐστὶ
952 603 1023 669 τοῖς
1049 616 1062 653 ι

65 699 168 764 ὁτῶν
191 702 275 780 ΑΚ,
303 703 385 781 ΚΘ,
412 700 457 786 τῷ
482 696 520 763 δὲ
543 695 608 764 ἀπὸ
630 700 689 783 τῆς
712 704 782 765 ΑΚ
809 705 865 764 ἴσα
893 697 962 763 ἐστὶ
986 694 1024 762 τὰ
1049 693 1062 758 ί

100 804 168 869 τῶν
190 809 273 887 ΑΒ,
301 809 384 888 ΒΚ,
411 799 453 869 τὰ
480 800 546 889 ἄρα
569 800 634 870 ἀπὸ
659 808 727 871 τῶν
750 811 831 887 ΑΒ,
859 809 941 886 ΒΚ,
971 807 1035 868 ΚΘ
1060 841 1062 864 ι

101 903 326 998 ἐπιτράπει
352 915 424 974 Αο.
465 905 550 974 ειιε
572 921 643 988 τοις
666 905 732 976 ἀπὸ
756 914 824 976 εει
849 916 931 993 ΒΚ,
956 914 1021 975 Κο
1040 915 1062 972 ιι

101 1014 170 1080 ἐστὶ
197 1011 235 1080 τὸ
259 1010 325 1081 ἀπὸ
353 1018 411 1098 της
433 1020 508 1080 ΒΘ·
538 1013 626 1103 ὀρθὴ
654 1013 718 1101 γὰρ
746 1012 767 1100 ἡ
795 1012 861 1081 ὑπὸ
886 1021 986 1082 ΘΚΒ
1009 1039 1062 1098 γω

102 1118 157 1186 διὰ
181 1118 219 1186 τὸ
242 1119 299 1185 καὶ
320 1117 383 1204 τὴν
403 1126 471 1187 ΘΚ
491 1119 637 1187 κάθετον
657 1117 744 1188 εἶναι
768 1120 819 1189 ἐπὶ
838 1118 876 1186 τὸ
894 1118 1062 1204 ὑποκείμει

50 1245 82 1292 10
103 1227 273 1292 ἐπίπεδον·
297 1222 334 1291 τὸ
357 1222 423 1311 ἄρα
446 1224 512 1293 ἀπὸ
536 1230 594 1311 τῆς
608 1234 672 1293 ΑΘ
696 1235 772 1294 ἴσον
795 1226 864 1294 ε’στῖ
882 1240 952 1305 τοῖς
966 1223 1030 1292 ἀπὸ
1050 1252 1062 1290 τ

102 1337 182 1415 ΑΒ,
206 1337 282 1397 ΒΘ·
311 1328 399 1417 ὀρθὴ
428 1330 494 1417 ἄρα
521 1332 611 1399 ἐστὶν
639 1329 660 1416 y}
683 1329 750 1400 ὑπὸ
774 1339 873 1399 ΑΒΘ
896 1336 1013 1417 γωνία.
1060 1364 1062 1388 ι

101 1435 141 1502 τὰ
164 1432 259 1514 7αὐτοὶ
294 1434 336 1522 δὴ
369 1436 423 1503 καὶ
456 1435 476 1523 ἡ
509 1434 575 1505 ὑπὸ
609 1445 727 1504 ΛΕΜ
753 1443 860 1523 γωνία
895 1436 984 1523 ὀρθή
1018 1439 1062 1502 ἐστ

102 1545 171 1609 ἔστι
199 1541 237 1608 δὲ
264 1542 320 1608 καὶ
347 1539 367 1628 ἡ
396 1539 462 1610 ὑπὸ
490 1550 591 1610 ΒΑΘ
618 1549 724 1628 γωνία
751 1548 789 1631 vy}
818 1540 884 1610 ὑπὸ
909 1551 1026 1610 ΕΔΜ
1049 1549 1062 1607 ἴ

101 1645 295 1716 ὑπόκεινται
327 1647 404 1737 γάρ·
437 1649 492 1715 καῖ
524 1653 615 1715 ἔστιν
643 1647 663 1734 ἡ
692 1657 758 1716 ΛΘ
784 1653 824 1737 vy}
855 1657 938 1716 AM
961 1658 1029 1734 ἴση·

50 1772 82 1820 15
103 1752 168 1840 ἄρα
196 1754 263 1822 ἐστὶ
291 1754 347 1821 καῖ
374 1751 395 1839 v}
418 1761 484 1820 AB
511 1759 551 1841 vy}
577 1760 667 1838 ΔΕ].
714 1756 783 1822 ἐπεὶ
812 1747 875 1822 οὖν
904 1763 959 1840 ἴση
984 1754 1062 1822 ἐστὶι

102 1859 163 1946 μὲν
186 1867 255 1928 ΑΓ
278 1863 317 1948 vy}
343 1867 424 1945 ΔΖ,
452 1858 472 1946 ἡ
498 1860 535 1928 δὲ
558 1869 624 1928 ΑΒ
648 1865 687 1948 vy}
713 1869 795 1945 AE,
824 1860 886 1928 δύο
916 1860 958 1945 δὴ
982 1864 1062 1926 acl

101 1973 167 2032 AB
192 1965 269 2032 δνσὶ
292 1979 365 2044 ταῖς
388 1974 470 2051 ΖΔ,
500 1974 569 2034 ΔΕ
591 1975 660 2034 ἴσαι
684 1971 779 2034 εἰσίν.
825 1963 909 2033 ἀλλὰ
933 1969 989 2032 καί
1012 1992 1060 2051 γω

103 2068 123 2156 ἡ
156 2069 222 2138 ὑπὸ
251 2077 343 2138 ΓΑΒ
376 2078 484 2162 γωνίᾳ
511 2076 550 2160 vy}
578 2071 644 2140 ὑπὸ
666 2080 776 2150 ΖΔΕ
802 2074 892 2140 ἐστιν
921 2080 991 2157 ἴση·
1023 2073 1062 2156 βοὶ

103 2173 168 2261 ι’ίρα
201 2173 222 2261 ἡ
250 2183 317 2244 ΒΓ
344 2175 441 2262 βάσει
469 2181 509 2266 vy}
533 2186 595 2246 ΕΖ
624 2187 679 2264 ἴση
708 2179 776 2245 ἐστὶ
805 2178 859 2244 καῖ
888 2175 925 2245 τό
953 2184 1062 2262 τρίγωι

50 2301 85 2350 20
103 2291 149 2372 τῷ
168 2281 319 2372 τριγώνῳ
339 2282 394 2348 καῖ
413 2286 450 2348 αἴ
467 2285 580 2350 λοιπαί
599 2290 718 2368 γωνίαι
738 2297 809 2362 ταῖς
823 2292 955 2362 λοιπαῖς
967 2289 1062 2368 γωνίι

104 2396 160 2472 ἴση
188 2384 254 2472 ἄρα
282 2385 302 2473 ἡ
331 2385 397 2454 ὑπὸ
421 2394 518 2455 ΑΓΒ
546 2395 653 2473 γωνία
681 2395 720 2477 vy}
744 2388 810 2456 ὑπὸ
835 2395 944 2457 ΑΖΕ.
991 2394 1059 2456 ἔστι

103 2493 159 2558 καὶ
188 2488 276 2578 ὀρθὴ
305 2489 415 2578 ἡὺπὸ
441 2499 543 2561 ΑΓΚ
570 2492 657 2582 ὀρθῇ
686 2500 725 2582 vy}
749 2493 814 2562 ὑπὸ
839 2502 949 2562 ΔΖΝ
969 2503 1038 2580 ἴση·

104 2597 204 2683 λοιπὴ
237 2596 303 2684 ἄρα
335 2597 355 2684 ἡ
384 2597 450 2666 ὑπὸ
479 2606 579 2667 ΒΓΚ
606 2605 704 2689 λοιπῇ
737 2605 776 2688 vy}
804 2599 870 2668 ὑπὸ
899 2609 1007 2667 ΕΖΝ
1030 2604 1062 2668 ἑο

105 2711 170 2790 ἴση.
214 2702 270 2771 διὰ
294 2702 334 2770 τὰ
358 2703 444 2772 αὐτὰ
463 2705 504 2790 δὴ
528 2706 583 2772 καὶ
607 2704 628 2792 v}
652 2705 717 2774 ὑπὸ
743 2713 843 2774 ΓΒΚ
864 2712 903 2794 vy}
927 2704 993 2773 ὑπὸ
1019 2715 1062 2773 Ζι

52 2828 86 2877 νο
107 2813 196 2879 ἐστιν
230 2818 294 2895 ἴση.
350 2809 412 2878 δύο
446 2809 488 2896 δὴ
521 2812 668 2898 τρίγωνοί
701 2815 769 2880 ἐστι
802 2811 841 2878 τὰ
871 2818 987 2896 ΒΓΚ,
1021 2820 1062 2878 Ε]

108 2914 193 3000 [τὰς]
224 2913 287 2983 δύο
315 2923 439 3001 γωνίας
463 2921 540 2985 δνσὶ
563 2923 700 3003 γωνίαις
724 2925 798 2997 ἴσας
821 2923 939 3004 ἔχοντα
963 2919 1062 2992 ἕκατέι

108 3021 245 3110 ἑκατέρᾳ
268 3022 323 3088 καὶ
346 3028 427 3108 μίαν
449 3022 599 3110 πλευρὰν
623 3028 682 3110 μιᾷ
704 3028 832 3111 πλευρᾷ
857 3032 934 3109 ἴσην
957 3024 1018 3109 τὴν
1039 3050 1062 3091 π

105 3139 177 3206 ταῖς
205 3133 292 3207 ἴσαις
319 3135 457 3213 γωνίαις
483 3127 544 3214 τὴν
573 3135 639 3196 ΒΓ
662 3133 701 3216 vy}
730 3137 804 3195 EZ·
836 3130 891 3196 καὶ
919 3128 978 3209 τὰς
1005 3137 1062 3197 λοι

179 3380 202 3428 1.
223 3374 280 3446 ἴση]
302 3376 364 3443 ἴσην
383 3375 413 3444 Ρ,
433 3393 503 3431 corr.
522 3395 558 3433 m.
582 3383 605 3432 1.
665 3383 688 3431 3.
709 3377 768 3446 ἴση]
788 3393 842 3430 om.
863 3377 894 3429 B.
954 3383 978 3430 4.
999 3379 1062 3447 τοῖς

105 3444 137 3501 Ρ.
201 3449 226 3500 7.
244 3447 366 3516 τῆςΑΘ
383 3447 416 3501 V.
478 3453 502 3502 8.
521 3444 588 3518 γάρ]
608 3447 637 3501 in
656 3463 709 3504 ras.
729 3465 766 3502 m.
786 3454 800 3500 1
820 3448 851 3503 P.
915 3454 940 3502 9.
960 3444 1047 3518 εἶναι]
