<?xml version="1.0" encoding="UTF-8"?>
<!DOCTYPE html PUBLIC "-//W3C//DTD XHTML 1.0 Transitional//EN"
    "http://www.w3.org/TR/xhtml1/DTD/xhtml1-transitional.dtd">
<html xmlns="http://www.w3.org/1999/xhtml" xml:lang="en" lang="en">
 <head>
  <title>
</title>
<meta http-equiv="Content-Type" content="text/html;charset=utf-8" />
  <meta name='ocr-system' content='tesseract 3.04.00' />
  <meta name='ocr-capabilities' content='ocr_page ocr_carea ocr_par ocr_line ocrx_word'/>
</head>
<body>
  <div class='ocr_page' id='page_1' title='image "./euclidisoperaom04unkngoog_0249.png"; bbox 0 0 2340 3818; ppageno 0'>
   <div class='ocr_carea' id='block_1_1' title="bbox 98 153 740 231">
    <p class='ocr_par' dir='ltr' id='par_1_1' title="bbox 98 153 740 231">
     <span class='ocr_line' id='line_1_1' title="bbox 98 153 740 231; baseline -0.016 -8"><span class='ocrx_word' id='word_1_1' title='bbox 98 157 165 223; x_wconf 77' lang='grc'><strong><em>226</em></strong></span> <span class='ocrx_word' id='word_1_2' title='bbox 470 157 672 212; x_wconf 72' lang='grc' dir='ltr'>ΣΤΟΙΧΕΙΩΝ</span> <span class='ocrx_word' id='word_1_3' title='bbox 690 153 740 231; x_wconf 86' lang='grc' dir='ltr'><strong><em>ιβ’.</em></strong></span> 
     </span>
    </p>
   </div>
   <div class='ocr_carea' id='block_1_2' title="bbox 40 294 1118 2950">
    <p class='ocr_par' dir='ltr' id='par_1_2' title="bbox 97 294 1118 699">
     <span class='ocr_line' id='line_1_2' title="bbox 99 294 1118 390; baseline -0.004 -21"><span class='ocrx_word' id='word_1_4' title='bbox 99 305 180 390; x_wconf 92' lang='grc' dir='ltr'><strong><em>δρος</em></strong></span> <span class='ocrx_word' id='word_1_5' title='bbox 202 299 286 389; x_wconf 87' lang='grc' dir='ltr'><strong><em>πρὸς</em></strong></span> <span class='ocrx_word' id='word_1_6' title='bbox 307 299 369 369; x_wconf 88' lang='grc' dir='ltr'><strong><em>τὸν</em></strong></span> <span class='ocrx_word' id='word_1_7' title='bbox 387 307 457 367; x_wconf 89' lang='grc' dir='ltr'><strong><em>ΕΣ</em></strong></span> <span class='ocrx_word' id='word_1_8' title='bbox 476 298 671 387; x_wconf 76' lang='grc' dir='ltr'><strong><em>κύλινδρον,</em></strong></span> <span class='ocrx_word' id='word_1_9' title='bbox 696 295 802 378; x_wconf 77' lang='grc' dir='ltr'><strong><em>οὕτως</em></strong></span> <span class='ocrx_word' id='word_1_10' title='bbox 820 294 838 366; x_wconf 88' lang='grc' dir='ltr'>ὁ</span> <span class='ocrx_word' id='word_1_11' title='bbox 855 304 920 367; x_wconf 88' lang='grc' dir='ltr'><strong><em>ΕΟ</em></strong></span> <span class='ocrx_word' id='word_1_12' title='bbox 936 297 1118 386; x_wconf 77' lang='grc' dir='ltr'><strong><em>κύλινδρος</em></strong></span> 
     </span>
     <span class='ocr_line' id='line_1_3' title="bbox 97 403 1117 497; baseline -0.003 -22"><span class='ocrx_word' id='word_1_13' title='bbox 97 407 183 492; x_wconf 87' lang='grc' dir='ltr'><strong><em>πρὸς</em></strong></span> <span class='ocrx_word' id='word_1_14' title='bbox 204 406 266 476; x_wconf 91' lang='grc' dir='ltr'><strong><em>τδυ</em></strong></span> <span class='ocrx_word' id='word_1_15' title='bbox 289 414 364 475; x_wconf 91' lang='grc' dir='ltr'><strong><em>ΕΣ.</em></strong></span> <span class='ocrx_word' id='word_1_16' title='bbox 401 413 475 485; x_wconf 74' lang='grc' dir='ltr'><strong><em>ἴσος</em></strong></span> <span class='ocrx_word' id='word_1_17' title='bbox 497 403 562 493; x_wconf 74' lang='grc' dir='ltr'><strong><em>ἄρα</em></strong></span> <span class='ocrx_word' id='word_1_18' title='bbox 586 403 604 472; x_wconf 88' lang='grc' dir='ltr'>ὁ</span> <span class='ocrx_word' id='word_1_19' title='bbox 624 408 690 481; x_wconf 76' lang='grc' dir='ltr'><strong><em>ΑΞ</em></strong></span> <span class='ocrx_word' id='word_1_20' title='bbox 709 404 891 493; x_wconf 78' lang='grc' dir='ltr'><strong><em>κύλινδρος</em></strong></span> <span class='ocrx_word' id='word_1_21' title='bbox 912 408 959 497; x_wconf 76' lang='grc' dir='ltr'><strong><em>τῷ</em></strong></span> <span class='ocrx_word' id='word_1_22' title='bbox 979 411 1046 472; x_wconf 88' lang='grc' dir='ltr'><strong><em>ΕΟ</em></strong></span> <span class='ocrx_word' id='word_1_23' title='bbox 1063 430 1117 472; x_wconf 85' lang='grc' dir='ltr'><strong><em>κυ-</em></strong></span> 
     </span>
     <span class='ocr_line' id='line_1_4' title="bbox 98 508 1118 603; baseline -0.004 -22"><span class='ocrx_word' id='word_1_24' title='bbox 98 516 235 603; x_wconf 77' lang='grc' dir='ltr'><strong><em>λίνδρῳ.</em></strong></span> <span class='ocrx_word' id='word_1_25' title='bbox 282 509 439 592; x_wconf 81' lang='grc' dir='ltr'><strong><em>ὡσαύτως</em></strong></span> <span class='ocrx_word' id='word_1_26' title='bbox 463 511 500 579; x_wconf 74' lang='grc' dir='ltr'><strong><em>δὲ</em></strong></span> <span class='ocrx_word' id='word_1_27' title='bbox 528 512 584 579; x_wconf 84' lang='grc' dir='ltr'><strong><em>καὶ</em></strong></span> <span class='ocrx_word' id='word_1_28' title='bbox 612 511 757 580; x_wconf 81' lang='grc' dir='ltr'><strong><em>ἐπὶτῶν</em></strong></span> <span class='ocrx_word' id='word_1_29' title='bbox 779 508 912 580; x_wconf 83' lang='grc' dir='ltr'><strong><em>κύνων·</em></strong></span> <span class='ocrx_word' id='word_1_30' title='bbox 942 509 1027 600; x_wconf 84' lang='grc' dir='ltr'><strong><em>ὅπερ</em></strong></span> <span class='ocrx_word' id='word_1_31' title='bbox 1051 513 1118 578; x_wconf 81' lang='grc' dir='ltr'><strong><em>ἔδει</em></strong></span> 
     </span>
     <span class='ocr_line' id='line_1_5' title="bbox 97 620 212 699; baseline 0.017 -12"><span class='ocrx_word' id='word_1_32' title='bbox 97 620 212 699; x_wconf 80' lang='grc' dir='ltr'><strong><em>δεῖξαι.</em></strong></span> 
     </span>
    </p>

    <p class='ocr_par' dir='ltr' id='par_1_3' title="bbox 61 723 634 795">
     <span class='ocr_line' id='line_1_6' title="bbox 61 723 634 795; baseline -0.005 -1"><span class='ocrx_word' id='word_1_33' title='bbox 61 743 77 794; x_wconf 86' lang='grc' dir='ltr'><strong><em>ε</em></strong></span> <span class='ocrx_word' id='word_1_34' title='bbox 578 723 634 795; x_wconf 79' lang='grc' dir='ltr'><strong><em>ις’.</em></strong></span> 
     </span>
    </p>

    <p class='ocr_par' dir='ltr' id='par_1_4' title="bbox 95 845 1118 1246">
     <span class='ocr_line' id='line_1_7' title="bbox 165 845 1118 937; baseline 0 -22"><span class='ocrx_word' id='word_1_35' title='bbox 165 847 250 917; x_wconf 89' lang='grc' dir='ltr'><strong><em>Δύο</em></strong></span> <span class='ocrx_word' id='word_1_36' title='bbox 282 849 441 918; x_wconf 90' lang='grc' dir='ltr'><strong><em>κύκλων</em></strong></span> <span class='ocrx_word' id='word_1_37' title='bbox 474 848 562 937; x_wconf 84' lang='grc' dir='ltr'><strong><em>περὶ</em></strong></span> <span class='ocrx_word' id='word_1_38' title='bbox 594 847 636 917; x_wconf 90' lang='grc' dir='ltr'><strong><em>τὸ</em></strong></span> <span class='ocrx_word' id='word_1_39' title='bbox 665 846 760 917; x_wconf 82' lang='grc' dir='ltr'><strong><em>αὐτὸ</em></strong></span> <span class='ocrx_word' id='word_1_40' title='bbox 790 849 960 937; x_wconf 80' lang='grc' dir='ltr'><strong><em>κέντρον</em></strong></span> <span class='ocrx_word' id='word_1_41' title='bbox 989 845 1118 917; x_wconf 77' lang='grc' dir='ltr'><strong><em>ὄντων</em></strong></span> 
     </span>
     <span class='ocr_line' id='line_1_8' title="bbox 97 953 1118 1043; baseline 0.002 -23"><span class='ocrx_word' id='word_1_42' title='bbox 97 957 154 1034; x_wconf 78' lang='grc' dir='ltr'><strong><em>εἰς</em></strong></span> <span class='ocrx_word' id='word_1_43' title='bbox 177 953 247 1022; x_wconf 87' lang='grc' dir='ltr'><strong><em>τὸν</em></strong></span> <span class='ocrx_word' id='word_1_44' title='bbox 270 959 433 1041; x_wconf 82' lang='grc' dir='ltr'><strong><em>μείζονα</em></strong></span> <span class='ocrx_word' id='word_1_45' title='bbox 451 953 597 1022; x_wconf 92' lang='grc' dir='ltr'><strong><em>κύκλον</em></strong></span> <span class='ocrx_word' id='word_1_46' title='bbox 616 953 853 1042; x_wconf 88' lang='grc' dir='ltr'><strong><em>πολύγωνον</em></strong></span> <span class='ocrx_word' id='word_1_47' title='bbox 872 953 1118 1043; x_wconf 74' lang='grc' dir='ltr'><strong><em>ἰσόπλευρόν</em></strong></span> 
     </span>
     <span class='ocr_line' id='line_1_9' title="bbox 95 1057 1116 1149; baseline 0.001 -23"><span class='ocrx_word' id='word_1_48' title='bbox 95 1086 136 1127; x_wconf 87' lang='grc' dir='ltr'><strong><em>τε</em></strong></span> <span class='ocrx_word' id='word_1_49' title='bbox 163 1060 227 1127; x_wconf 79' lang='grc' dir='ltr'><strong><em>καὶ</em></strong></span> <span class='ocrx_word' id='word_1_50' title='bbox 255 1057 549 1148; x_wconf 77' lang='grc' dir='ltr'><strong><em>ἀρτιόπλευρον</em></strong></span> <span class='ocrx_word' id='word_1_51' title='bbox 578 1061 777 1149; x_wconf 78' lang='grc' dir='ltr'><strong><em>ἐγγράψαι</em></strong></span> <span class='ocrx_word' id='word_1_52' title='bbox 803 1059 852 1147; x_wconf 78' lang='grc' dir='ltr'><strong><em>μὴ</em></strong></span> <span class='ocrx_word' id='word_1_53' title='bbox 880 1063 1015 1141; x_wconf 80' lang='grc' dir='ltr'><strong><em>ψαῦον</em></strong></span> <span class='ocrx_word' id='word_1_54' title='bbox 1041 1064 1116 1144; x_wconf 84' lang='grc' dir='ltr'><strong><em>τοῦ</em></strong></span> 
     </span>
     <span class='ocr_line' id='line_1_10' title="bbox 97 1165 496 1246; baseline 0.008 -14"><span class='ocrx_word' id='word_1_55' title='bbox 97 1165 314 1246; x_wconf 78' lang='grc' dir='ltr'><strong><em>ἐλάσσονος</em></strong></span> <span class='ocrx_word' id='word_1_56' title='bbox 337 1166 496 1236; x_wconf 90' lang='grc' dir='ltr'><strong><em>κύκλου.</em></strong></span> 
     </span>
    </p>

    <p class='ocr_par' dir='ltr' id='par_1_5' title="bbox 44 1269 1116 1764">
     <span class='ocr_line' id='line_1_11' title="bbox 44 1269 1115 1357; baseline 0 -17"><span class='ocrx_word' id='word_1_57' title='bbox 44 1292 77 1342; x_wconf 82' lang='lat'><strong><em>10</em></strong></span> <span class='ocrx_word' id='word_1_58' title='bbox 155 1269 330 1340; x_wconf 80' lang='grc' dir='ltr'><strong><em>Ἔστωσαν</em></strong></span> <span class='ocrx_word' id='word_1_59' title='bbox 372 1275 408 1340; x_wconf 78' lang='grc' dir='ltr'><strong><em>οἱ</em></strong></span> <span class='ocrx_word' id='word_1_60' title='bbox 444 1273 602 1351; x_wconf 77' lang='grc' dir='ltr'><strong><em>δοθέντες</em></strong></span> <span class='ocrx_word' id='word_1_61' title='bbox 639 1271 702 1340; x_wconf 92' lang='grc' dir='ltr'><strong><em>δύο</em></strong></span> <span class='ocrx_word' id='word_1_62' title='bbox 738 1269 856 1339; x_wconf 91' lang='grc' dir='ltr'><strong><em>κύκλοι</em></strong></span> <span class='ocrx_word' id='word_1_63' title='bbox 894 1273 929 1339; x_wconf 78' lang='grc' dir='ltr'><strong><em>ολ</em></strong></span> <span class='ocrx_word' id='word_1_64' title='bbox 964 1277 1115 1357; x_wconf 87' lang='grc' dir='ltr'><em>ΑΒΓΔ,</em></span> 
     </span>
     <span class='ocr_line' id='line_1_12' title="bbox 97 1375 1115 1466; baseline 0.003 -24"><span class='ocrx_word' id='word_1_65' title='bbox 97 1383 232 1444; x_wconf 83' lang='grc' dir='ltr'>ΕΖΗΘ</span> <span class='ocrx_word' id='word_1_66' title='bbox 259 1378 334 1464; x_wconf 72' lang='grc' dir='ltr'><strong><em>περὶ</em></strong></span> <span class='ocrx_word' id='word_1_67' title='bbox 361 1405 400 1447; x_wconf 93' lang='grc' dir='ltr'><strong><em>το</em></strong></span> <span class='ocrx_word' id='word_1_68' title='bbox 428 1378 512 1446; x_wconf 88' lang='grc' dir='ltr'><strong><em>αύτδ</em></strong></span> <span class='ocrx_word' id='word_1_69' title='bbox 540 1379 680 1466; x_wconf 80' lang='grc' dir='ltr'><strong><em>κέντρον</em></strong></span> <span class='ocrx_word' id='word_1_70' title='bbox 703 1375 741 1445; x_wconf 84' lang='grc' dir='ltr'><strong><em>τὸ</em></strong></span> <span class='ocrx_word' id='word_1_71' title='bbox 765 1383 811 1444; x_wconf 88' lang='lat' dir='ltr'><strong><em>K·</em></strong></span> <span class='ocrx_word' id='word_1_72' title='bbox 841 1381 895 1444; x_wconf 74' lang='grc' dir='ltr'><strong><em>δελ</em></strong></span> <span class='ocrx_word' id='word_1_73' title='bbox 916 1375 959 1464; x_wconf 79' lang='grc' dir='ltr'><strong><em>δὴ</em></strong></span> <span class='ocrx_word' id='word_1_74' title='bbox 983 1381 1034 1458; x_wconf 78' lang='grc' dir='ltr'><strong><em>εἰς</em></strong></span> <span class='ocrx_word' id='word_1_75' title='bbox 1055 1376 1115 1445; x_wconf 88' lang='grc' dir='ltr'><strong><em>τὸν</em></strong></span> 
     </span>
     <span class='ocr_line' id='line_1_13' title="bbox 96 1480 1115 1572; baseline 0.001 -23"><span class='ocrx_word' id='word_1_76' title='bbox 96 1487 230 1568; x_wconf 82' lang='grc' dir='ltr'><strong><em>μείζονα</em></strong></span> <span class='ocrx_word' id='word_1_77' title='bbox 252 1483 377 1551; x_wconf 87' lang='grc' dir='ltr'><strong><em>κύκλον</em></strong></span> <span class='ocrx_word' id='word_1_78' title='bbox 399 1483 461 1553; x_wconf 88' lang='grc' dir='ltr'><strong><em>τὸν</em></strong></span> <span class='ocrx_word' id='word_1_79' title='bbox 480 1490 615 1552; x_wconf 90' lang='grc' dir='ltr'><em>ΑΒΓΔ</em></span> <span class='ocrx_word' id='word_1_80' title='bbox 637 1483 837 1570; x_wconf 76' lang='grc' dir='ltr'><strong><em>πολύγωνον</em></strong></span> <span class='ocrx_word' id='word_1_81' title='bbox 857 1480 1064 1572; x_wconf 79' lang='grc' dir='ltr'><strong><em>ἰσόπλευρόν</em></strong></span> <span class='ocrx_word' id='word_1_82' title='bbox 1082 1509 1115 1551; x_wconf 85' lang='grc' dir='ltr'><strong><em>τε</em></strong></span> 
     </span>
     <span class='ocr_line' id='line_1_14' title="bbox 95 1585 1116 1678; baseline 0.002 -24"><span class='ocrx_word' id='word_1_83' title='bbox 95 1587 151 1655; x_wconf 85' lang='grc' dir='ltr'><strong><em>καὶ</em></strong></span> <span class='ocrx_word' id='word_1_84' title='bbox 184 1585 427 1678; x_wconf 80' lang='grc' dir='ltr'><strong><em>ἀρτιόπλευρον</em></strong></span> <span class='ocrx_word' id='word_1_85' title='bbox 462 1591 626 1678; x_wconf 75' lang='grc' dir='ltr'><strong><em>ἐγγράψαι</em></strong></span> <span class='ocrx_word' id='word_1_86' title='bbox 658 1589 703 1676; x_wconf 79' lang='grc' dir='ltr'><strong><em>μὴ</em></strong></span> <span class='ocrx_word' id='word_1_87' title='bbox 736 1592 847 1672; x_wconf 80' lang='grc' dir='ltr'><strong><em>ψαῦον</em></strong></span> <span class='ocrx_word' id='word_1_88' title='bbox 879 1593 942 1657; x_wconf 81' lang='grc' dir='ltr'><strong><em>τοῦ</em></strong></span> <span class='ocrx_word' id='word_1_89' title='bbox 974 1595 1116 1657; x_wconf 78' lang='grc' dir='ltr'>ΕΖΗΘ</span> 
     </span>
     <span class='ocr_line' id='line_1_15' title="bbox 95 1692 229 1764; baseline 0.03 -4"><span class='ocrx_word' id='word_1_90' title='bbox 95 1692 229 1764; x_wconf 89' lang='grc' dir='ltr'><strong><em>κύκλου.</em></strong></span> 
     </span>
    </p>

    <p class='ocr_par' dir='ltr' id='par_1_6' title="bbox 43 1797 1114 2314">
     <span class='ocr_line' id='line_1_16' title="bbox 43 1797 1113 1891; baseline -0.001 -21"><span class='ocrx_word' id='word_1_91' title='bbox 43 1823 76 1872; x_wconf 85' lang='lat'><strong><em>15</em></strong></span> <span class='ocrx_word' id='word_1_92' title='bbox 152 1800 272 1889; x_wconf 85' lang='grc' dir='ltr'><strong><em>Ἤχθω</em></strong></span> <span class='ocrx_word' id='word_1_93' title='bbox 301 1800 365 1891; x_wconf 82' lang='grc' dir='ltr'><strong><em>γὰρ</em></strong></span> <span class='ocrx_word' id='word_1_94' title='bbox 395 1798 451 1870; x_wconf 82' lang='grc' dir='ltr'><strong><em>διὰ</em></strong></span> <span class='ocrx_word' id='word_1_95' title='bbox 478 1805 540 1869; x_wconf 84' lang='grc' dir='ltr'><strong><em>τού</em></strong></span> <span class='ocrx_word' id='word_1_96' title='bbox 568 1808 603 1869; x_wconf 91' lang='grc' dir='ltr'><strong><em>Κ</em></strong></span> <span class='ocrx_word' id='word_1_97' title='bbox 631 1802 772 1886; x_wconf 78' lang='grc' dir='ltr'><strong><em>κέντρου</em></strong></span> <span class='ocrx_word' id='word_1_98' title='bbox 799 1797 917 1869; x_wconf 82' lang='grc' dir='ltr'><strong><em>εύθεῑα</em></strong></span> <span class='ocrx_word' id='word_1_99' title='bbox 945 1797 966 1887; x_wconf 83' lang='grc' dir='ltr'><em>ἡ</em></span> <span class='ocrx_word' id='word_1_100' title='bbox 995 1807 1113 1886; x_wconf 87' lang='grc' dir='ltr'><strong><em>ΒΚΔ,</em></strong></span> 
     </span>
     <span class='ocr_line' id='line_1_17' title="bbox 94 1904 1114 1997; baseline 0 -23"><span class='ocrx_word' id='word_1_101' title='bbox 94 1908 149 1975; x_wconf 83' lang='grc' dir='ltr'><strong><em>καὶ</em></strong></span> <span class='ocrx_word' id='word_1_102' title='bbox 178 1907 243 1976; x_wconf 81' lang='grc' dir='ltr'><strong><em>ἀπὸ</em></strong></span> <span class='ocrx_word' id='word_1_103' title='bbox 271 1912 332 1977; x_wconf 85' lang='grc' dir='ltr'><strong><em>τού</em></strong></span> <span class='ocrx_word' id='word_1_104' title='bbox 360 1913 397 1975; x_wconf 88' lang='lat' dir='ltr'><em>H</em></span> <span class='ocrx_word' id='word_1_105' title='bbox 424 1916 561 1995; x_wconf 83' lang='grc' dir='ltr'><strong><em>σημείου</em></strong></span> <span class='ocrx_word' id='word_1_106' title='bbox 588 1912 627 1996; x_wconf 75' lang='grc' dir='ltr'><strong><em>τῇ</em></strong></span> <span class='ocrx_word' id='word_1_107' title='bbox 656 1916 720 1975; x_wconf 88' lang='grc' dir='ltr'><strong><em>ΒΔ</em></strong></span> <span class='ocrx_word' id='word_1_108' title='bbox 747 1907 866 1997; x_wconf 80' lang='grc' dir='ltr'><strong><em>εύθεία</em></strong></span> <span class='ocrx_word' id='word_1_109' title='bbox 893 1904 978 1995; x_wconf 87' lang='grc' dir='ltr'><strong><em>πρὸς</em></strong></span> <span class='ocrx_word' id='word_1_110' title='bbox 1006 1905 1114 1992; x_wconf 82' lang='grc' dir='ltr'><strong><em>ὀρθὰς</em></strong></span> 
     </span>
     <span class='ocr_line' id='line_1_18' title="bbox 94 2011 1113 2103; baseline 0.001 -22"><span class='ocrx_word' id='word_1_111' title='bbox 94 2012 190 2102; x_wconf 76' lang='grc' dir='ltr'><strong><em>ἤχθω</em></strong></span> <span class='ocrx_word' id='word_1_112' title='bbox 209 2013 230 2101; x_wconf 82' lang='grc' dir='ltr'><em>ἡ</em></span> <span class='ocrx_word' id='word_1_113' title='bbox 246 2021 312 2081; x_wconf 92' lang='lat' dir='ltr'><strong><em>HA</em></strong></span> <span class='ocrx_word' id='word_1_114' title='bbox 330 2014 386 2082; x_wconf 79' lang='grc' dir='ltr'><strong><em>καὶ</em></strong></span> <span class='ocrx_word' id='word_1_115' title='bbox 406 2014 537 2103; x_wconf 83' lang='grc' dir='ltr'><strong><em>διήχθω</em></strong></span> <span class='ocrx_word' id='word_1_116' title='bbox 553 2014 605 2083; x_wconf 81' lang='grc' dir='ltr'><strong><em>ἐπὶ</em></strong></span> <span class='ocrx_word' id='word_1_117' title='bbox 619 2013 657 2082; x_wconf 86' lang='grc' dir='ltr'><strong><em>τὸ</em></strong></span> <span class='ocrx_word' id='word_1_118' title='bbox 672 2020 712 2081; x_wconf 89' lang='grc' dir='ltr'><strong><em>Γ·</em></strong></span> <span class='ocrx_word' id='word_1_119' title='bbox 736 2011 842 2100; x_wconf 82' lang='grc' dir='ltr'><strong><em>ἡΑΓ</em></strong></span> <span class='ocrx_word' id='word_1_120' title='bbox 851 2011 918 2101; x_wconf 81' lang='grc' dir='ltr'><strong><em>ἄρα</em></strong></span> <span class='ocrx_word' id='word_1_121' title='bbox 933 2014 1113 2100; x_wconf 77' lang='grc' dir='ltr'><strong><em>ἐφάπτεται</em></strong></span> 
     </span>
     <span class='ocr_line' id='line_1_19' title="bbox 93 2117 1112 2208; baseline 0.002 -22"><span class='ocrx_word' id='word_1_122' title='bbox 93 2124 154 2187; x_wconf 81' lang='grc' dir='ltr'><strong><em>τοῦ</em></strong></span> <span class='ocrx_word' id='word_1_123' title='bbox 182 2127 319 2187; x_wconf 83' lang='grc' dir='ltr'>ΕΖΗΘ</span> <span class='ocrx_word' id='word_1_124' title='bbox 348 2119 483 2189; x_wconf 90' lang='grc' dir='ltr'><strong><em>κύκλου.</em></strong></span> <span class='ocrx_word' id='word_1_125' title='bbox 532 2121 707 2206; x_wconf 81' lang='grc' dir='ltr'><strong><em>τέμνοντες</em></strong></span> <span class='ocrx_word' id='word_1_126' title='bbox 735 2118 776 2205; x_wconf 78' lang='grc' dir='ltr'><strong><em>δὴ</em></strong></span> <span class='ocrx_word' id='word_1_127' title='bbox 805 2117 868 2204; x_wconf 82' lang='grc' dir='ltr'><strong><em>τὴν</em></strong></span> <span class='ocrx_word' id='word_1_128' title='bbox 895 2124 994 2186; x_wconf 88' lang='grc' dir='ltr'><strong><em>ΒΑΔ</em></strong></span> <span class='ocrx_word' id='word_1_129' title='bbox 1023 2143 1112 2208; x_wconf 89' lang='grc' dir='ltr'><strong><em>περι-</em></strong></span> 
     </span>
     <span class='ocr_line' id='line_1_20' title="bbox 95 2223 1111 2314; baseline 0 -22"><span class='ocrx_word' id='word_1_130' title='bbox 95 2226 233 2314; x_wconf 78' lang='grc' dir='ltr'><strong><em>φέρειαν</em></strong></span> <span class='ocrx_word' id='word_1_131' title='bbox 264 2230 341 2312; x_wconf 91' lang='grc' dir='ltr'><strong><em>δίχα</em></strong></span> <span class='ocrx_word' id='word_1_132' title='bbox 364 2227 420 2294; x_wconf 82' lang='grc' dir='ltr'><strong><em>καὶ</em></strong></span> <span class='ocrx_word' id='word_1_133' title='bbox 443 2226 505 2313; x_wconf 73' lang='grc' dir='ltr'><strong><em>τὴν</em></strong></span> <span class='ocrx_word' id='word_1_134' title='bbox 529 2224 684 2312; x_wconf 75' lang='grc' dir='ltr'><strong><em>ἡμίσειαν</em></strong></span> <span class='ocrx_word' id='word_1_135' title='bbox 707 2223 810 2312; x_wconf 73' lang='grc' dir='ltr'><strong><em>αὐτῆς</em></strong></span> <span class='ocrx_word' id='word_1_136' title='bbox 834 2229 910 2312; x_wconf 87' lang='grc' dir='ltr'><strong><em>δίχα</em></strong></span> <span class='ocrx_word' id='word_1_137' title='bbox 932 2224 989 2292; x_wconf 78' lang='grc' dir='ltr'><strong><em>καὶ</em></strong></span> <span class='ocrx_word' id='word_1_138' title='bbox 1012 2229 1111 2294; x_wconf 84' lang='grc' dir='ltr'><strong><em>τοῦτο</em></strong></span> 
     </span>
    </p>

    <p class='ocr_par' dir='ltr' id='par_1_7' title="bbox 41 2327 1112 2844">
     <span class='ocr_line' id='line_1_21' title="bbox 41 2327 1112 2421; baseline -0.003 -19"><span class='ocrx_word' id='word_1_139' title='bbox 41 2353 75 2402; x_wconf 78' lang='lat'><strong><em>20</em></strong></span> <span class='ocrx_word' id='word_1_140' title='bbox 95 2327 146 2398; x_wconf 81' lang='grc' dir='ltr'><strong><em>ιἰεὶ</em></strong></span> <span class='ocrx_word' id='word_1_141' title='bbox 168 2335 344 2410; x_wconf 79' lang='grc' dir='ltr'><strong><em>ποιοῦντες</em></strong></span> <span class='ocrx_word' id='word_1_142' title='bbox 368 2338 610 2418; x_wconf 85' lang='grc' dir='ltr'><strong><em>καταλείψομεν</em></strong></span> <span class='ocrx_word' id='word_1_143' title='bbox 632 2333 848 2421; x_wconf 83' lang='grc' dir='ltr'><strong><em>περιφέρειαν</em></strong></span> <span class='ocrx_word' id='word_1_144' title='bbox 872 2329 1037 2399; x_wconf 77' lang='grc' dir='ltr'><strong><em>ἐλάσσονα</em></strong></span> <span class='ocrx_word' id='word_1_145' title='bbox 1056 2342 1112 2418; x_wconf 80' lang='grc' dir='ltr'><strong><em>τῆς</em></strong></span> 
     </span>
     <span class='ocr_line' id='line_1_22' title="bbox 93 2435 1111 2524; baseline 0.001 -20"><span class='ocrx_word' id='word_1_146' title='bbox 93 2445 168 2504; x_wconf 89' lang='grc' dir='ltr'><strong><em>ΑΔ.</em></strong></span> <span class='ocrx_word' id='word_1_147' title='bbox 215 2442 391 2523; x_wconf 76' lang='grc' dir='ltr'><strong><em>λελείφθω,</em></strong></span> <span class='ocrx_word' id='word_1_148' title='bbox 415 2438 471 2504; x_wconf 81' lang='grc' dir='ltr'><strong><em>καὶ</em></strong></span> <span class='ocrx_word' id='word_1_149' title='bbox 494 2442 577 2505; x_wconf 79' lang='grc' dir='ltr'><strong><em>ἔστω</em></strong></span> <span class='ocrx_word' id='word_1_150' title='bbox 600 2435 621 2524; x_wconf 78' lang='grc' dir='ltr'>ἡ</span> <span class='ocrx_word' id='word_1_151' title='bbox 646 2445 726 2523; x_wconf 87' lang='grc' dir='ltr'><strong><em>ΛΑ,</em></strong></span> <span class='ocrx_word' id='word_1_152' title='bbox 750 2436 806 2504; x_wconf 76' lang='grc' dir='ltr'><strong><em>καὶ</em></strong></span> <span class='ocrx_word' id='word_1_153' title='bbox 829 2435 893 2504; x_wconf 82' lang='grc' dir='ltr'><strong><em>ἀπὸ</em></strong></span> <span class='ocrx_word' id='word_1_154' title='bbox 917 2441 980 2504; x_wconf 86' lang='grc' dir='ltr'><strong><em>τοῦ</em></strong></span> <span class='ocrx_word' id='word_1_155' title='bbox 1004 2444 1035 2504; x_wconf 92' lang='grc' dir='ltr'><em>Λ</em></span> <span class='ocrx_word' id='word_1_156' title='bbox 1060 2438 1111 2506; x_wconf 77' lang='grc' dir='ltr'><strong><em>ἐπὶ</em></strong></span> 
     </span>
     <span class='ocr_line' id='line_1_23' title="bbox 93 2541 1110 2630; baseline 0.002 -21"><span class='ocrx_word' id='word_1_157' title='bbox 93 2541 156 2629; x_wconf 82' lang='grc' dir='ltr'><strong><em>τὴν</em></strong></span> <span class='ocrx_word' id='word_1_158' title='bbox 179 2549 243 2609; x_wconf 88' lang='grc' dir='ltr'><strong><em>ΒΔ</em></strong></span> <span class='ocrx_word' id='word_1_159' title='bbox 266 2541 408 2622; x_wconf 79' lang='grc' dir='ltr'><strong><em>κάθετος</em></strong></span> <span class='ocrx_word' id='word_1_160' title='bbox 431 2541 527 2630; x_wconf 78' lang='grc' dir='ltr'><strong><em>ἤχθω</em></strong></span> <span class='ocrx_word' id='word_1_161' title='bbox 551 2541 572 2630; x_wconf 82' lang='grc' dir='ltr'><em>ἡ</em></span> <span class='ocrx_word' id='word_1_162' title='bbox 593 2551 673 2611; x_wconf 89' lang='grc' dir='ltr'><strong><em>ΛΜ</em></strong></span> <span class='ocrx_word' id='word_1_163' title='bbox 690 2543 745 2610; x_wconf 78' lang='grc' dir='ltr'><strong><em>καὶ</em></strong></span> <span class='ocrx_word' id='word_1_164' title='bbox 769 2544 901 2630; x_wconf 82' lang='grc' dir='ltr'><strong><em>διήχθω</em></strong></span> <span class='ocrx_word' id='word_1_165' title='bbox 925 2544 979 2611; x_wconf 79' lang='grc' dir='ltr'><strong><em>ἐπὶ</em></strong></span> <span class='ocrx_word' id='word_1_166' title='bbox 1002 2542 1040 2612; x_wconf 86' lang='grc' dir='ltr'><strong><em>τὸ</em></strong></span> <span class='ocrx_word' id='word_1_167' title='bbox 1062 2552 1110 2629; x_wconf 91' lang='lat' dir='ltr'><strong><em>N,</em></strong></span> 
     </span>
     <span class='ocr_line' id='line_1_24' title="bbox 93 2647 1111 2738; baseline 0.001 -23"><span class='ocrx_word' id='word_1_168' title='bbox 93 2649 149 2715; x_wconf 82' lang='grc' dir='ltr'><strong><em>καὶ</em></strong></span> <span class='ocrx_word' id='word_1_169' title='bbox 173 2647 424 2736; x_wconf 81' lang='grc' dir='ltr'><strong><em>ἐπεζεύχθωσαν</em></strong></span> <span class='ocrx_word' id='word_1_170' title='bbox 448 2652 485 2716; x_wconf 79' lang='grc' dir='ltr'><strong><em>αἱ</em></strong></span> <span class='ocrx_word' id='word_1_171' title='bbox 507 2657 588 2734; x_wconf 87' lang='grc' dir='ltr'><strong><em>ΛΔ,</em></strong></span> <span class='ocrx_word' id='word_1_172' title='bbox 613 2657 698 2716; x_wconf 88' lang='grc' dir='ltr'><strong><em>ΔΝ·</em></strong></span> <span class='ocrx_word' id='word_1_173' title='bbox 722 2657 777 2736; x_wconf 79' lang='grc' dir='ltr'><strong><em>ἴση</em></strong></span> <span class='ocrx_word' id='word_1_174' title='bbox 801 2647 867 2738; x_wconf 80' lang='grc' dir='ltr'><strong><em>ἄρα</em></strong></span> <span class='ocrx_word' id='word_1_175' title='bbox 889 2649 980 2718; x_wconf 80' lang='grc' dir='ltr'><strong><em>ἐστὶν</em></strong></span> <span class='ocrx_word' id='word_1_176' title='bbox 1004 2647 1025 2736; x_wconf 83' lang='grc' dir='ltr'><em>ἡ</em></span> <span class='ocrx_word' id='word_1_177' title='bbox 1047 2656 1111 2717; x_wconf 83' lang='grc' dir='ltr'><strong><em>ΛΔ</em></strong></span> 
     </span>
     <span class='ocr_line' id='line_1_25' title="bbox 91 2753 1110 2844; baseline 0.002 -23"><span class='ocrx_word' id='word_1_178' title='bbox 91 2759 132 2842; x_wconf 76' lang='grc' dir='ltr'><strong><em>τῇ</em></strong></span> <span class='ocrx_word' id='word_1_179' title='bbox 162 2762 243 2822; x_wconf 86' lang='lat' dir='ltr'><strong>AN.</strong></span> <span class='ocrx_word' id='word_1_180' title='bbox 288 2755 343 2822; x_wconf 82' lang='grc' dir='ltr'><strong><em>καὶ</em></strong></span> <span class='ocrx_word' id='word_1_181' title='bbox 372 2755 442 2823; x_wconf 80' lang='grc' dir='ltr'><strong><em>ἐπεὶ</em></strong></span> <span class='ocrx_word' id='word_1_182' title='bbox 469 2755 682 2844; x_wconf 76' lang='grc' dir='ltr'><strong><em>παράλληλός</em></strong></span> <span class='ocrx_word' id='word_1_183' title='bbox 710 2758 800 2824; x_wconf 77' lang='grc' dir='ltr'><strong><em>ἐστιν</em></strong></span> <span class='ocrx_word' id='word_1_184' title='bbox 828 2753 849 2843; x_wconf 80' lang='grc' dir='ltr'>ἡ</span> <span class='ocrx_word' id='word_1_185' title='bbox 873 2763 904 2823; x_wconf 91' lang='grc' dir='ltr'><em>Λ</em></span> <span class='ocrx_word' id='word_1_186' title='bbox 914 2763 944 2823; x_wconf 91' lang='grc' dir='ltr'><em>Ν</em></span> <span class='ocrx_word' id='word_1_187' title='bbox 971 2759 1011 2844; x_wconf 77' lang='grc' dir='ltr'><strong><em>τῇ</em></strong></span> <span class='ocrx_word' id='word_1_188' title='bbox 1036 2762 1110 2841; x_wconf 89' lang='grc' dir='ltr'><strong><em>ΑΓ,</em></strong></span> 
     </span>
    </p>

    <p class='ocr_par' dir='ltr' id='par_1_8' title="bbox 40 2857 1110 2950">
     <span class='ocr_line' id='line_1_26' title="bbox 40 2857 1110 2950; baseline -0.001 -21"><span class='ocrx_word' id='word_1_189' title='bbox 40 2858 113 2948; x_wconf 71' lang='grc' dir='ltr'><strong><em>2σὴ</em></strong></span> <span class='ocrx_word' id='word_1_190' title='bbox 139 2861 176 2928; x_wconf 70' lang='grc' dir='ltr'><strong><em>δὲ</em></strong></span> <span class='ocrx_word' id='word_1_191' title='bbox 198 2866 269 2928; x_wconf 91' lang='grc' dir='ltr'><strong><em>ΑΓ</em></strong></span> <span class='ocrx_word' id='word_1_192' title='bbox 288 2861 467 2947; x_wconf 79' lang='grc' dir='ltr'><strong><em>ἐφάπτεται</em></strong></span> <span class='ocrx_word' id='word_1_193' title='bbox 489 2866 550 2931; x_wconf 82' lang='grc' dir='ltr'><strong><em>τοῦ</em></strong></span> <span class='ocrx_word' id='word_1_194' title='bbox 575 2868 711 2929; x_wconf 81' lang='grc' dir='ltr'>ΕΖΗΘ</span> <span class='ocrx_word' id='word_1_195' title='bbox 733 2861 875 2948; x_wconf 86' lang='grc' dir='ltr'><strong><em>κύκλου,</em></strong></span> <span class='ocrx_word' id='word_1_196' title='bbox 902 2857 922 2948; x_wconf 85' lang='grc' dir='ltr'><em>ἡ</em></span> <span class='ocrx_word' id='word_1_197' title='bbox 950 2868 1026 2928; x_wconf 92' lang='grc' dir='ltr'><strong><em>ΛΝ</em></strong></span> <span class='ocrx_word' id='word_1_198' title='bbox 1045 2861 1110 2950; x_wconf 76' lang='grc' dir='ltr'><strong><em>ἄρα</em></strong></span> 
     </span>
    </p>
   </div>
   <div class='ocr_carea' id='block_1_3' title="bbox 166 3053 1108 3196">
    <p class='ocr_par' dir='ltr' id='par_1_9' title="bbox 166 3053 1108 3196">
     <span class='ocr_line' id='line_1_27' title="bbox 166 3053 1108 3196; baseline 0.002 -88"><span class='ocrx_word' id='word_1_199' title='bbox 166 3061 189 3111; x_wconf 93' lang='grc'><strong><em>1.</em></strong></span> <span class='ocrx_word' id='word_1_200' title='bbox 210 3053 321 3143; x_wconf 84' lang='grc' dir='ltr'><strong><em>δΕΟ]</em></strong></span> <span class='ocrx_word' id='word_1_201' title='bbox 334 3054 394 3110; x_wconf 90' lang='grc' dir='ltr'><strong><em>δε</em></strong></span> <span class='ocrx_word' id='word_1_202' title='bbox 385 3074 416 3109; x_wconf 89' lang='lat' dir='ltr'><strong><em>1n</em></strong></span> <span class='ocrx_word' id='word_1_203' title='bbox 433 3073 487 3111; x_wconf 79' lang='lat' dir='ltr'><strong><em>ras</em></strong></span> <span class='ocrx_word' id='word_1_204' title='bbox 507 3075 543 3111; x_wconf 90' lang='lat' dir='ltr'><strong><em>m.</em></strong></span> <span class='ocrx_word' id='word_1_205' title='bbox 563 3072 617 3113; x_wconf 81' lang='lat' dir='ltr'><strong><em>rec</em></strong></span> <span class='ocrx_word' id='word_1_206' title='bbox 636 3055 670 3110; x_wconf 99' lang='lat' dir='ltr'><strong><em>V.</em></strong></span> <span class='ocrx_word' id='word_1_207' title='bbox 736 3061 761 3111; x_wconf 79' lang='lat'><strong><em>2.</em></strong></span> <span class='ocrx_word' id='word_1_208' title='bbox 781 3055 979 3196; x_wconf 57' lang='grc' dir='ltr'><strong><em>κνλίνδρῳχ</em></strong></span> <span class='ocrx_word' id='word_1_209' title='bbox 955 3075 990 3128; x_wconf 81' lang='grc' dir='ltr'><strong><em>-φ</em></strong></span> <span class='ocrx_word' id='word_1_210' title='bbox 1008 3054 1039 3108; x_wconf 89' lang='lat' dir='ltr'><strong><em>in</em></strong></span> <span class='ocrx_word' id='word_1_211' title='bbox 1057 3072 1108 3110; x_wconf 73' lang='lat' dir='ltr'><strong>ras.</strong></span> 
     </span>
    </p>
   </div>
   <div class='ocr_carea' id='block_1_4' title="bbox 91 3122 1109 3482">
    <p class='ocr_par' dir='ltr' id='par_1_10' title="bbox 91 3122 1109 3482">
     <span class='ocr_line' id='line_1_28' title="bbox 93 3122 1107 3213; baseline -0.002 -31"><span class='ocrx_word' id='word_1_212' title='bbox 93 3128 127 3182; x_wconf 93' lang='lat' dir='ltr'><strong><em>V.</em></strong></span> <span class='ocrx_word' id='word_1_213' title='bbox 200 3133 225 3181; x_wconf 86' lang='grc'><strong><em>3.</em></strong></span> <span class='ocrx_word' id='word_1_214' title='bbox 245 3122 390 3213; x_wconf 81' lang='grc' dir='ltr'><strong><em>ὡσαύτως]</em></strong></span> <span class='ocrx_word' id='word_1_215' title='bbox 410 3128 503 3182; x_wconf 78' lang='grc' dir='ltr'><strong><em>δειιω</em></strong></span> <span class='ocrx_word' id='word_1_216' title='bbox 522 3145 575 3184; x_wconf 79' lang='lat' dir='ltr'><strong>ras.</strong></span> <span class='ocrx_word' id='word_1_217' title='bbox 594 3145 632 3181; x_wconf 89' lang='lat' dir='ltr'><strong><em>m.</em></strong></span> <span class='ocrx_word' id='word_1_218' title='bbox 652 3143 705 3182; x_wconf 77' lang='grc' dir='ltr'><strong><em>τοο.</em></strong></span> <span class='ocrx_word' id='word_1_219' title='bbox 725 3127 758 3182; x_wconf 92' lang='lat' dir='ltr'><strong><em>V.</em></strong></span> <span class='ocrx_word' id='word_1_220' title='bbox 832 3145 884 3182; x_wconf 88' lang='grc' dir='ltr'><strong><em>οπε</em></strong></span> <span class='ocrx_word' id='word_1_221' title='bbox 939 3129 984 3181; x_wconf 87' lang='grc' dir='ltr'><strong><em>δει</em></strong></span> <span class='ocrx_word' id='word_1_222' title='bbox 1002 3126 1107 3197; x_wconf 83' lang='grc' dir='ltr'><strong><em>δεῖξαι]</em></strong></span> 
     </span>
     <span class='ocr_line' id='line_1_29' title="bbox 94 3195 1109 3286; baseline 0 -35"><span class='ocrx_word' id='word_1_223' title='bbox 94 3214 148 3251; x_wconf 89' lang='lat' dir='ltr'><strong><em>om.</em></strong></span> <span class='ocrx_word' id='word_1_224' title='bbox 163 3197 197 3252; x_wconf 93' lang='lat' dir='ltr'><strong><em>V.</em></strong></span> <span class='ocrx_word' id='word_1_225' title='bbox 254 3201 278 3251; x_wconf 82' lang='lat'><strong><em>5.</em></strong></span> <span class='ocrx_word' id='word_1_226' title='bbox 299 3195 434 3269; x_wconf 79' lang='grc' dir='ltr'><strong><em>ις]οιι],</em></strong></span> <span class='ocrx_word' id='word_1_227' title='bbox 447 3217 480 3284; x_wconf 90' lang='lat' dir='ltr'><strong><em>q.</em></strong></span> <span class='ocrx_word' id='word_1_228' title='bbox 541 3205 564 3253; x_wconf 84' lang='lat'><strong><em>6.</em></strong></span> <span class='ocrx_word' id='word_1_229' title='bbox 584 3195 706 3270; x_wconf 87' lang='grc' dir='ltr'><strong><em>κύκλων]</em></strong></span> <span class='ocrx_word' id='word_1_230' title='bbox 726 3148 929 3267; x_wconf 64' lang='grc' dir='ltr'><strong><em>κυλίνδρωνρο,</em></strong></span> <span class='ocrx_word' id='word_1_231' title='bbox 984 3195 1109 3286; x_wconf 79' lang='grc' dir='ltr'><strong><em>κέντρων</em></strong></span> 
     </span>
     <span class='ocr_line' id='line_1_30' title="bbox 92 3265 1108 3360; baseline 0 -38"><span class='ocrx_word' id='word_1_232' title='bbox 92 3268 122 3336; x_wconf 88' lang='grc' dir='ltr'><strong><em>Ρ,</em></strong></span> <span class='ocrx_word' id='word_1_233' title='bbox 142 3270 190 3324; x_wconf 78' lang='lat' dir='ltr'><strong><em>sed</em></strong></span> <span class='ocrx_word' id='word_1_234' title='bbox 209 3285 278 3324; x_wconf 80' lang='lat' dir='ltr'><strong>corr.</strong></span> <span class='ocrx_word' id='word_1_235' title='bbox 339 3274 363 3322; x_wconf 76' lang='grc' dir='ltr'><strong><em>λ.</em></strong></span> <span class='ocrx_word' id='word_1_236' title='bbox 382 3267 513 3339; x_wconf 87' lang='grc' dir='ltr'><strong><em>πολύγων</em></strong></span> <span class='ocrx_word' id='word_1_237' title='bbox 497 3270 574 3360; x_wconf 89' lang='grc' dir='ltr'><strong><em>νον]</em></strong></span> <span class='ocrx_word' id='word_1_238' title='bbox 581 3286 635 3325; x_wconf 85' lang='lat' dir='ltr'><strong><em>om</em></strong></span> <span class='ocrx_word' id='word_1_239' title='bbox 653 3269 687 3324; x_wconf 95' lang='lat' dir='ltr'><strong><em>V.</em></strong></span> <span class='ocrx_word' id='word_1_240' title='bbox 748 3277 772 3326; x_wconf 91' lang='lat'>8</span> <span class='ocrx_word' id='word_1_241' title='bbox 791 3273 924 3338; x_wconf 72' lang='grc' dir='ltr'><strong><em>ψαύσανθ</em></strong></span> <span class='ocrx_word' id='word_1_242' title='bbox 942 3269 982 3336; x_wconf 94' lang='lat' dir='ltr'><strong><em>V,</em></strong></span> <span class='ocrx_word' id='word_1_243' title='bbox 999 3265 1108 3354; x_wconf 87' lang='grc' dir='ltr'><strong><em>ψαύον-</em></strong></span> 
     </span>
     <span class='ocr_line' id='line_1_31' title="bbox 91 3335 1106 3482; baseline -0.001 -17"><span class='ocrx_word' id='word_1_244' title='bbox 91 3358 198 3468; x_wconf 24' lang='grc' dir='ltr'><strong><em>δίδδύδλ.</em></strong></span> <span class='ocrx_word' id='word_1_245' title='bbox 237 3337 574 3482; x_wconf 49' lang='lat' dir='ltr'><strong><em>vufflssfflqssplgags</em></strong></span> <span class='ocrx_word' id='word_1_246' title='bbox 580 3337 865 3467; x_wconf 39' lang='grc' dir='ltr'><strong><em>ύδθὲντδςδίύῗδὲ</em></strong></span> <span class='ocrx_word' id='word_1_247' title='bbox 868 3346 973 3467; x_wconf 68' lang='grc' dir='ltr'><strong><em>κύκδδύ</em></strong></span> <span class='ocrx_word' id='word_1_248' title='bbox 988 3335 1106 3465; x_wconf 55' lang='lat' dir='ltr'><strong><em>Vm]</em></strong></span> 
     </span>
    </p>
   </div>
   <div class='ocr_carea' id='block_1_5' title="bbox 80 3477 309 3554">
    <p class='ocr_par' dir='ltr' id='par_1_11' title="bbox 80 3477 309 3554">
     <span class='ocr_line' id='line_1_32' title="bbox 80 3477 309 3554; baseline 0.005 -19"><span class='ocrx_word' id='word_1_249' title='bbox 80 3477 264 3552; x_wconf 72' lang='grc' dir='ltr'><strong><em>πολυγόνων</em></strong></span> <span class='ocrx_word' id='word_1_250' title='bbox 283 3500 309 3554; x_wconf 85' lang='lat' dir='ltr'>q</span> 
     </span>
    </p>
   </div>
   <div class='ocr_carea' id='block_1_6' title="bbox 0 0 1174 3818">
    <p class='ocr_par' dir='ltr' id='par_1_12' title="bbox 0 0 1174 3818">
     <span class='ocr_line' id='line_1_33' title="bbox 0 0 1174 3818; baseline 0 2"><span class='ocrx_word' id='word_1_251' title='bbox 0 0 1174 3818; x_wconf 95' lang='lat' dir='ltr'><strong><em> </em></strong></span> 
     </span>
    </p>
   </div>
  </div>
 </body>
</html>
