2340 3818
473 150 656 202 ΑΡΡΕΝΒΙΧ
673 153 709 204 11.
1033 151 1097 216 391

69 295 124 382 τῷ
150 296 267 357 ΗΘΜ
284 290 450 381 τριγώνῳ·
480 298 534 377 ἴση
563 291 629 376 ίιρα
657 291 748 359 ἐστὶν
771 290 791 379 ἡ
816 289 881 360 ὑπὸ
905 297 973 361 τῶν
996 302 1098 361 ΑΕΒ

72 402 187 484 γωνία
209 401 249 485 τῇ
272 395 338 464 ὑπὸ
363 401 432 466 τῶν
450 404 570 466 ΗΘΜ
612 395 686 465 ἀλλ’
713 396 733 485 ἡ
758 398 819 485 μὲν
842 398 907 467 ὑπὸ
932 407 1033 466 ΑΕΒ
1058 403 1097 487 τῇ

72 501 145 571 ὑπὸ
170 511 270 571 ΑΖΒ
293 505 384 571 ἐστιν
408 501 523 590 ίστγ,“
506 530 526 589 ιγ
551 502 628 571 δὲ’
612 503 677 573 υπὸ
701 511 813 573 ΗΜΘ
835 508 875 594 τῇ
899 502 964 572 ὑπὸ
990 511 1099 574 ΗΝΘ

75 612 171 677 ἐστιν
194 618 260 694 ἴση.
294 615 364 677 ἔστι
388 610 425 677 δὲ
449 607 538 696 ὀρθὴ
562 608 628 678 ὑπὸ
652 614 721 680 τῶν
740 619 837 679 ΒΑΖ
861 611 948 699 ὀρθῇ
972 613 1012 698 τῇ
1031 607 1097 678 ὑπὸ
1140 676 1143 682 .

77 721 188 783 ΘΗΝ
220 725 283 803 ἴση.
334 715 488 803 λοιπὴ”
467 743 533 818 αραΙ
561 715 582 804 ἡ
610 715 675 786 ὑπὸ
705 726 805 786 ΑΖΒ
833 721 930 806 λοιπῇ
958 721 997 806 τῇ
1030 698 1098 784 ὑπο

76 828 192 890 ΗΘΝ
212 825 302 891 ἐστιν
326 831 390 910 ίση.
429 822 656 909 ίσογιύνιον”
634 850 699 910 αρα
719 824 837 891 ἐστὶ
805 849 842 891 το
864 831 962 891 ΑΒΖ
981 829 1099 938 τρίγω-

77 955 144 997 νον
170 933 215 1020 τῷ
244 935 357 997 ΗΘΝ
379 929 541 1022 τριγώνῳ.
592 928 804 1016 ἀνάλογον
791 929 855 1016 οίρα
883 926 1025 997 ἐστὶν
1003 957 1047 1009 ως
1075 955 1096 1015 η

78 1041 144 1102 ΒΖ
166 1035 250 1120 πρὸς
271 1036 333 1122 τὴν
356 1042 431 1120 ΒΑ,
461 1034 567 1115 οὕτως
594 1034 614 1121 ἡ
639 1041 707 1103 ΘΝ
729 1034 812 1122 πρὸς
836 1042 912 1104 ΘΗ.
958 1035 1098 1116 ἐναλλὰξ

80 1141 147 1226 ίίρα
171 1140 307 1208 ἐστὶν
285 1169 330 1221 ως
352 1143 373 1228 ἡ
393 1149 456 1210 ΒΖ
479 1140 562 1230 πρὸς
580 1141 642 1228 τὴν
662 1149 745 1228 ΘΝ,
769 1138 913 1227 ούτωςὴ
935 1144 996 1208 ΒΑ
1014 1139 1099 1224 πρὸς

78 1244 144 1332 τὴν
166 1253 242 1313 ΘΗ.
287 1249 343 1315 καὶ
372 1248 441 1316 ἐπεὶ
464 1246 502 1316 τὸ
526 1246 591 1315 ἀπὸ
615 1251 673 1334 τῆς
697 1255 759 1315 ΒΖ
780 1247 992 1334 τετράγωνον
1014 1245 1098 1333 πρὸς

79 1350 119 1420 τὸ
148 1351 213 1421 ἀπὸ
241 1357 300 1439 τῆς
328 1360 399 1420 ΘΝ
427 1353 638 1440 τετράγωνον
672 1359 872 1422 διπλασίονα
899 1353 1003 1439 λόγον
1032 1357 1098 1439 ἔχει

78 1458 164 1547 ἥπερ
192 1459 213 1547 ἡ
243 1467 304 1527 ΖΒ
332 1458 415 1546 πρὸς
436 1457 498 1546 τὴν
521 1468 608 1546 ΘΝ,
637 1465 701 1548 ἔχει
731 1461 768 1528 δὲ
790 1461 905 1529 καὶτὸ
930 1465 1101 1527 ΑΒΓΔΕ

80 1567 282 1653 πολύγωνον
305 1567 389 1654 πρὸς
411 1564 448 1633 τὸ
468 1573 653 1634 ΗΘΚΛΜ
672 1566 871 1652 πολύγωνον
897 1552 1098 1633 διπλασίονα

81 1674 185 1757 λόγον
209 1670 292 1759 ἤπερ
315 1669 336 1758 ἡ
356 1678 422 1739 ΑΒ
444 1671 529 1758 πρὸς
550 1670 612 1759 τὴν
630 1678 716 1757 ΗΘ,
740 1677 799 1738 καί
820 1674 909 1739 ἐστιν
933 1668 977 1748 ὡς
1000 1670 1098 1756 ἡΒΖ

80 1776 166 1864 πρὸς
193 1777 256 1862 τὴν
283 1784 367 1862 ΘΝ,
396 1777 503 1857 οὕτως
529 1775 550 1863 ἡ
574 1785 641 1845 ΑΒ
667 1777 749 1865 πρὸς
776 1777 839 1863 τὴν
862 1783 945 1861 ΗΘ,
974 1776 1029 1842 καὶ
1053 1774 1100 1856 ὡς

79 1884 146 1970 ἄρα
168 1882 206 1952 τὸ
231 1881 295 1952 ἀπὸ
318 1888 376 1971 τῆς
395 1891 423 1950 Β
430 1893 456 1951 Ζ
479 1883 690 1970 τετράγωνον
713 1885 794 1970 πρὸς
812 1883 849 1950 τὸ
870 1881 933 1950 ἀπὸ
953 1885 1011 1968 τῆς
1028 1887 1102 1949 ΘΝ

77 1989 307 2077 τετράγωνον,
336 1989 442 2070 οὕτως
463 1989 501 2058 τὸ
531 1996 701 2058 ΑΒΓΔΕ
726 1989 926 2075 πολύγωνον
953 1987 1037 2075 πρὸς
1058 1985 1097 2055 τὸ

78 2103 273 2164 ΗΘΚΛΜ
290 2096 503 2183 πολύγωνον·
528 2097 608 2184 ὅπερ
632 2101 700 2164 ἔδει
724 2100 837 2177 δεῖξαι.

149 2312 194 2376 Οί
223 2309 339 2377 κύκλοι
367 2308 450 2396 πρὸς
478 2306 644 2396 ἀλλήλους
665 2310 761 2395 -είσλν
794 2309 839 2389 ὡς
865 2307 906 2379 τὰ
934 2306 1000 2376 ιἰπὸ
1027 2311 1133 2376 τῶνα

78 2414 268 2500 διαμέτρων
292 2413 491 2502 τετράγωνα.

149 2525 297 2589 ἔστωσαν
319 2520 436 2590 κύκλοι
460 2524 496 2589 οί
517 2527 666 2607 ΑΒΓΔ,
691 2529 840 2608 ΕΖΗΘ,
864 2521 1034 2608 διάμετροι
1059 2520 1096 2588 δὲ

79 2623 194 2693 αὐτῶν
218 2629 255 2693 αί
276 2628 366 2711 ΒΔ,“
387 2634 455 2694 ΖΘ.
500 2629 602 2713 λέγω,
632 2625 683 2695 ὅτι
707 2629 797 2695 ἐστὶν
821 2626 865 2708 ὡς
888 2627 926 2696 τὸ
951 2626 1015 2697 ἀπὸ
1040 2630 1099 2713 τῆς

79 2741 148 2800 ΒΔ
171 2732 383 2819 τετράγωνον
405 2733 490 2820 πρὸς
510 2732 548 2801 τὸ
573 2730 637 2801 ἀπὸ
659 2740 721 2800 ΖΘ
742 2733 967 2818 τετράγωνον,
992 2732 1099 2813 οὕτως

80 2836 100 2906 ὁ
124 2845 258 2907 ΑΒΓΔ
284 2842 407 2918 κύκλος
432 2838 515 2934 πρὸς
542 2836 602 2907 τὸν
631 2845 766 2906 ΕΖΗΘ
796 2837 928 2906 κύκλον.
974 2843 1006 2906 εί
1031 2838 1097 2925 γὰρ

79 2944 125 3031 μή
151 2944 239 3013 ἐστιν
263 2943 308 3025 ὡς
330 2944 368 3013 τὸ
393 2941 459 3013 ἀπὸ
482 2949 541 3032 τῆς
559 2953 623 3013 ΒΔ
640 2944 852 3032 τετράγωνον
870 2945 953 3031 πρὸς
971 2946 1009 3012 τὸ
1030 2943 1096 3013 ἀπὸ

78 3055 139 3137 τῆς
168 3059 229 3119 ΖΘ
255 3051 481 3139 τετράγωνον,
515 3053 622 3133 οὕτως
654 3049 672 3120 ὅ
701 3058 837 3121 ΑΒΓΔ
864 3050 985 3131 κύκλος
1014 3051 1098 3136 πρὸς

78 3155 140 3224 τὸν
160 3163 296 3224 ΕΖΗΘ
313 3157 453 3240 κύκλον,
473 3156 548 3244 ἤτοι
566 3156 649 3245 πρὸς
668 3158 811 3226 ἔλασσόν
829 3183 861 3224 τι
878 3162 941 3225 τοῦ
959 3164 1098 3225 ΕΖΗΘ

78 3263 206 3331 κύκλου
229 3267 353 3349 χωρίον
372 3259 393 3349 ἢ
412 3263 495 3349 πρὸς
513 3262 551 3331 τὸ
572 3270 692 3359 μεῖζον.
730 3269 812 3332 ἔστω
832 3263 996 3352 πρότερον
1014 3263 1098 3351 πρὸς

78 3375 225 3437 ἔλασσον
256 3365 294 3435 τὸ
327 3374 371 3454 Φ,
405 3369 461 3436 καὶ
489 3373 536 3459 τῷ
560 3375 695 3437 ΕΖΗΘ
721 3370 831 3462 κύκλῳ
861 3378 917 3438 ίσα
945 3375 1027 3438 ἔστω
1054 3369 1096 3439 τὰ

81 3481 164 3557 ΦΧ,
190 3473 246 3541 καὶ
274 3473 495 3564 ἐγγεγράφθω
525 3480 572 3557 είς
594 3474 654 3544 τὸν
682 3481 818 3543 ΕΖΗΘ
840 3477 966 3542 πύτλοο
988 3475 1106 3554 ἰι-,τοί-
