<?xml version="1.0" encoding="UTF-8"?>
<!DOCTYPE html PUBLIC "-//W3C//DTD XHTML 1.0 Transitional//EN"
    "http://www.w3.org/TR/xhtml1/DTD/xhtml1-transitional.dtd">
<html xmlns="http://www.w3.org/1999/xhtml" xml:lang="en" lang="en">
 <head>
  <title>
</title>
<meta http-equiv="Content-Type" content="text/html;charset=utf-8" />
  <meta name='ocr-system' content='tesseract 3.04.00' />
  <meta name='ocr-capabilities' content='ocr_page ocr_carea ocr_par ocr_line ocrx_word'/>
</head>
<body>
  <div class='ocr_page' id='page_1' title='image "./euclidisoperaom04unkngoog_0161.png"; bbox 0 0 2340 3818; ppageno 0'>
   <div class='ocr_carea' id='block_1_1' title="bbox 100 124 814 200">
    <p class='ocr_par' dir='ltr' id='par_1_1' title="bbox 100 124 814 200">
     <span class='ocr_line' id='line_1_1' title="bbox 100 124 814 200; baseline -0.022 -6"><span class='ocrx_word' id='word_1_1' title='bbox 100 129 165 194; x_wconf 83' lang='lat'><strong><em>148</em></strong></span> <span class='ocrx_word' id='word_1_2' title='bbox 468 128 670 180; x_wconf 71' lang='grc' dir='ltr'><strong><em>Συουωιαα</em></strong></span> <span class='ocrx_word' id='word_1_3' title='bbox 689 124 739 200; x_wconf 76' lang='grc' dir='ltr'><strong><em>ιμ’.</em></strong></span> <span class='ocrx_word' id='word_1_4' title='bbox 808 188 814 199; x_wconf 34' lang='grc'>,</span> 
     </span>
    </p>
   </div>
   <div class='ocr_carea' id='block_1_2' title="bbox 101 264 1166 464">
    <p class='ocr_par' dir='ltr' id='par_1_2' title="bbox 101 264 1166 464">
     <span class='ocr_line' id='line_1_2' title="bbox 169 264 1166 359; baseline 0.001 -22"><span class='ocrx_word' id='word_1_5' title='bbox 169 273 213 338; x_wconf 89' lang='grc' dir='ltr'><strong><em>Οί</em></strong></span> <span class='ocrx_word' id='word_1_6' title='bbox 229 269 294 359; x_wconf 75' lang='grc' dir='ltr'><strong><em>ἄρα</em></strong></span> <span class='ocrx_word' id='word_1_7' title='bbox 312 268 431 337; x_wconf 92' lang='grc' dir='ltr'><strong><em>κύκλοι</em></strong></span> <span class='ocrx_word' id='word_1_8' title='bbox 448 267 532 358; x_wconf 80' lang='grc' dir='ltr'><strong><em>πρὸς</em></strong></span> <span class='ocrx_word' id='word_1_9' title='bbox 550 267 716 355; x_wconf 76' lang='grc' dir='ltr'><em>ἀλλήλους</em></span> <span class='ocrx_word' id='word_1_10' title='bbox 734 268 821 336; x_wconf 83' lang='grc' dir='ltr'><strong><em>είσὶν</em></strong></span> <span class='ocrx_word' id='word_1_11' title='bbox 840 265 886 347; x_wconf 80' lang='grc' dir='ltr'><strong><em>ὡς</em></strong></span> <span class='ocrx_word' id='word_1_12' title='bbox 903 265 944 335; x_wconf 81' lang='grc' dir='ltr'><strong><em>τὰ</em></strong></span> <span class='ocrx_word' id='word_1_13' title='bbox 964 264 1029 335; x_wconf 80' lang='grc' dir='ltr'><strong><em>ἀπὸ</em></strong></span> <span class='ocrx_word' id='word_1_14' title='bbox 1047 269 1128 334; x_wconf 72' lang='grc' dir='ltr'>τοῖ</span> <span class='ocrx_word' id='word_1_15' title='bbox 1147 297 1166 338; x_wconf 71' lang='grc' dir='ltr'><strong><em>κ</em></strong></span> 
     </span>
     <span class='ocr_line' id='line_1_3' title="bbox 101 372 849 464; baseline -0.005 -20"><span class='ocrx_word' id='word_1_16' title='bbox 101 379 289 464; x_wconf 77' lang='grc' dir='ltr'><strong><em>διαμέτρων</em></strong></span> <span class='ocrx_word' id='word_1_17' title='bbox 311 373 515 464; x_wconf 75' lang='grc' dir='ltr'><strong><em>τετράγωνα·</em></strong></span> <span class='ocrx_word' id='word_1_18' title='bbox 540 372 620 463; x_wconf 80' lang='grc' dir='ltr'><strong><em>ὅπερ</em></strong></span> <span class='ocrx_word' id='word_1_19' title='bbox 644 378 712 442; x_wconf 77' lang='grc' dir='ltr'><strong><em>ἔδει</em></strong></span> <span class='ocrx_word' id='word_1_20' title='bbox 736 375 849 454; x_wconf 76' lang='grc' dir='ltr'><strong><em>δεῖξαι.</em></strong></span> 
     </span>
    </p>
   </div>
   <div class='ocr_carea' id='block_1_3' title="bbox 50 575 1166 2375">
    <p class='ocr_par' dir='ltr' id='par_1_3' title="bbox 50 575 1166 2375">
     <span class='ocr_line' id='line_1_4' title="bbox 535 575 685 656; baseline -0.007 -21"><span class='ocrx_word' id='word_1_21' title='bbox 535 575 685 656; x_wconf 78' lang='grc' dir='ltr'><strong><em>Λῆμμα.</em></strong></span> 
     </span>
     <span class='ocr_line' id='line_1_5' title="bbox 165 689 1166 782; baseline -0.006 -19"><span class='ocrx_word' id='word_1_22' title='bbox 165 697 262 782; x_wconf 76' lang='grc' dir='ltr'><strong><em>Λέγω</em></strong></span> <span class='ocrx_word' id='word_1_23' title='bbox 292 691 350 780; x_wconf 79' lang='grc' dir='ltr'><strong><em>δή,</em></strong></span> <span class='ocrx_word' id='word_1_24' title='bbox 380 691 432 760; x_wconf 85' lang='grc' dir='ltr'><strong><em>ὅτι</em></strong></span> <span class='ocrx_word' id='word_1_25' title='bbox 459 696 520 761; x_wconf 88' lang='grc' dir='ltr'><strong><em>τού</em></strong></span> <span class='ocrx_word' id='word_1_26' title='bbox 544 701 579 760; x_wconf 99' lang='grc' dir='ltr'><strong><em>Σ</em></strong></span> <span class='ocrx_word' id='word_1_27' title='bbox 603 698 729 780; x_wconf 84' lang='grc' dir='ltr'><strong><em>χωρίου</em></strong></span> <span class='ocrx_word' id='word_1_28' title='bbox 756 696 908 778; x_wconf 80' lang='grc' dir='ltr'><strong><em>μείζονος</em></strong></span> <span class='ocrx_word' id='word_1_29' title='bbox 936 689 1036 770; x_wconf 80' lang='grc' dir='ltr'><strong><em>ὄντος</em></strong></span> <span class='ocrx_word' id='word_1_30' title='bbox 1057 694 1166 758; x_wconf 78' lang='grc' dir='ltr'><strong><em>τοῦ</em></strong></span> 
     </span>
     <span class='ocr_line' id='line_1_6' title="bbox 64 796 1166 888; baseline -0.002 -20"><span class='ocrx_word' id='word_1_31' title='bbox 64 819 80 868; x_wconf 82' lang='lat'>5</span> <span class='ocrx_word' id='word_1_32' title='bbox 99 808 237 870; x_wconf 99' lang='grc' dir='ltr'>ΕΖΗΘ</span> <span class='ocrx_word' id='word_1_33' title='bbox 255 799 383 869; x_wconf 84' lang='grc' dir='ltr'><strong><em>κύκλου</em></strong></span> <span class='ocrx_word' id='word_1_34' title='bbox 402 799 493 868; x_wconf 79' lang='grc' dir='ltr'><strong><em>ἐστὶν</em></strong></span> <span class='ocrx_word' id='word_1_35' title='bbox 512 796 557 879; x_wconf 81' lang='grc' dir='ltr'><strong><em>ὡς</em></strong></span> <span class='ocrx_word' id='word_1_36' title='bbox 574 797 612 867; x_wconf 85' lang='grc' dir='ltr'><strong><em>τὸ</em></strong></span> <span class='ocrx_word' id='word_1_37' title='bbox 628 807 663 866; x_wconf 99' lang='grc' dir='ltr'><strong><em>Σ</em></strong></span> <span class='ocrx_word' id='word_1_38' title='bbox 676 804 800 888; x_wconf 78' lang='grc' dir='ltr'><strong><em>χωρίον</em></strong></span> <span class='ocrx_word' id='word_1_39' title='bbox 817 797 902 888; x_wconf 80' lang='grc' dir='ltr'><strong><em>πρὸς</em></strong></span> <span class='ocrx_word' id='word_1_40' title='bbox 920 796 981 868; x_wconf 85' lang='grc' dir='ltr'><strong><em>τὸν</em></strong></span> <span class='ocrx_word' id='word_1_41' title='bbox 996 804 1166 867; x_wconf 82' lang='grc' dir='ltr'><em>ΑΒΓΛ</em></span> 
     </span>
     <span class='ocr_line' id='line_1_7' title="bbox 98 902 1165 994; baseline -0.005 -18"><span class='ocrx_word' id='word_1_42' title='bbox 98 908 234 994; x_wconf 81' lang='grc' dir='ltr'><strong><em>κύκλον,</em></strong></span> <span class='ocrx_word' id='word_1_43' title='bbox 259 904 365 986; x_wconf 81' lang='grc' dir='ltr'><strong><em>οὕτως</em></strong></span> <span class='ocrx_word' id='word_1_44' title='bbox 389 902 406 973; x_wconf 88' lang='lat'>6</span> <span class='ocrx_word' id='word_1_45' title='bbox 432 912 555 972; x_wconf 83' lang='grc' dir='ltr'>ΕΖΗΘ</span> <span class='ocrx_word' id='word_1_46' title='bbox 577 903 698 986; x_wconf 84' lang='grc' dir='ltr'><strong><em>κύκλος</em></strong></span> <span class='ocrx_word' id='word_1_47' title='bbox 726 903 809 994; x_wconf 79' lang='grc' dir='ltr'><strong><em>πρὸς</em></strong></span> <span class='ocrx_word' id='word_1_48' title='bbox 837 904 976 974; x_wconf 78' lang='grc' dir='ltr'><strong><em>ἔλαττόν</em></strong></span> <span class='ocrx_word' id='word_1_49' title='bbox 1003 930 1036 973; x_wconf 91' lang='grc' dir='ltr'><strong><em>τι</em></strong></span> <span class='ocrx_word' id='word_1_50' title='bbox 1057 906 1165 974; x_wconf 84' lang='grc' dir='ltr'><strong><em>τοῦ</em></strong></span> 
     </span>
     <span class='ocr_line' id='line_1_8' title="bbox 99 1011 538 1100; baseline -0.005 -18"><span class='ocrx_word' id='word_1_51' title='bbox 99 1019 233 1082; x_wconf 84' lang='grc' dir='ltr'><em>ΑΒΓΔ</em></span> <span class='ocrx_word' id='word_1_52' title='bbox 256 1011 381 1080; x_wconf 92' lang='grc' dir='ltr'><strong><em>κύκλου</em></strong></span> <span class='ocrx_word' id='word_1_53' title='bbox 404 1017 538 1100; x_wconf 80' lang='grc' dir='ltr'><strong><em>χωρίον.</em></strong></span> 
     </span>
     <span class='ocr_line' id='line_1_9' title="bbox 167 1115 1155 1206; baseline -0.005 -19"><span class='ocrx_word' id='word_1_54' title='bbox 167 1118 337 1205; x_wconf 78' lang='grc' dir='ltr'><strong><em>Γεγονέτω</em></strong></span> <span class='ocrx_word' id='word_1_55' title='bbox 365 1115 429 1206; x_wconf 76' lang='grc' dir='ltr'><strong><em>γὰρ</em></strong></span> <span class='ocrx_word' id='word_1_56' title='bbox 459 1115 504 1198; x_wconf 78' lang='grc' dir='ltr'><strong><em>ὡς</em></strong></span> <span class='ocrx_word' id='word_1_57' title='bbox 531 1116 570 1186; x_wconf 88' lang='grc' dir='ltr'><strong><em>τὸ</em></strong></span> <span class='ocrx_word' id='word_1_58' title='bbox 594 1125 629 1185; x_wconf 89' lang='grc' dir='ltr'><em>Σ</em></span> <span class='ocrx_word' id='word_1_59' title='bbox 649 1123 775 1206; x_wconf 90' lang='grc' dir='ltr'><strong><em>χωρίον</em></strong></span> <span class='ocrx_word' id='word_1_60' title='bbox 797 1115 881 1206; x_wconf 83' lang='grc' dir='ltr'><strong><em>πρὸς</em></strong></span> <span class='ocrx_word' id='word_1_61' title='bbox 903 1116 963 1186; x_wconf 85' lang='grc' dir='ltr'><strong><em>τὸν</em></strong></span> <span class='ocrx_word' id='word_1_62' title='bbox 987 1121 1155 1186; x_wconf 84' lang='grc' dir='ltr'><em>ΑΒΓΔ</em></span> 
     </span>
     <span class='ocr_line' id='line_1_10' title="bbox 100 1221 1143 1312; baseline -0.005 -19"><span class='ocrx_word' id='word_1_63' title='bbox 100 1224 243 1310; x_wconf 81' lang='grc' dir='ltr'><strong><em>κύκλον,</em></strong></span> <span class='ocrx_word' id='word_1_64' title='bbox 272 1221 378 1303; x_wconf 82' lang='grc' dir='ltr'><strong><em>οὕτως</em></strong></span> <span class='ocrx_word' id='word_1_65' title='bbox 406 1223 424 1292; x_wconf 88' lang='grc' dir='ltr'><strong>ὁ</strong></span> <span class='ocrx_word' id='word_1_66' title='bbox 448 1229 583 1291; x_wconf 89' lang='grc' dir='ltr'>ΕΖΗΘ</span> <span class='ocrx_word' id='word_1_67' title='bbox 612 1221 734 1304; x_wconf 89' lang='grc' dir='ltr'><strong><em>κύκλος</em></strong></span> <span class='ocrx_word' id='word_1_68' title='bbox 760 1222 845 1312; x_wconf 79' lang='grc' dir='ltr'><strong><em>πρὸς</em></strong></span> <span class='ocrx_word' id='word_1_69' title='bbox 872 1221 910 1291; x_wconf 89' lang='grc' dir='ltr'><strong><em>τὸ</em></strong></span> <span class='ocrx_word' id='word_1_70' title='bbox 940 1231 970 1291; x_wconf 88' lang='grc' dir='ltr'><em>Τ</em></span> <span class='ocrx_word' id='word_1_71' title='bbox 988 1229 1143 1311; x_wconf 88' lang='grc' dir='ltr'><strong><em>χωρίον.</em></strong></span> 
     </span>
     <span class='ocr_line' id='line_1_11' title="bbox 51 1325 1139 1419; baseline -0.001 -21"><span class='ocrx_word' id='word_1_72' title='bbox 51 1350 85 1398; x_wconf 91' lang='lat'><strong><em>10</em></strong></span> <span class='ocrx_word' id='word_1_73' title='bbox 103 1331 204 1418; x_wconf 76' lang='grc' dir='ltr'><strong><em>λέγω,</em></strong></span> <span class='ocrx_word' id='word_1_74' title='bbox 234 1329 285 1398; x_wconf 83' lang='grc' dir='ltr'><strong><em>ὅτι</em></strong></span> <span class='ocrx_word' id='word_1_75' title='bbox 309 1331 446 1397; x_wconf 81' lang='grc' dir='ltr'><strong><em>ἔλαττόν</em></strong></span> <span class='ocrx_word' id='word_1_76' title='bbox 470 1332 538 1397; x_wconf 78' lang='grc' dir='ltr'><strong><em>ἐστι</em></strong></span> <span class='ocrx_word' id='word_1_77' title='bbox 562 1329 599 1397; x_wconf 87' lang='grc' dir='ltr'><strong><em>τὸ</em></strong></span> <span class='ocrx_word' id='word_1_78' title='bbox 627 1337 658 1396; x_wconf 93' lang='grc' dir='ltr'><strong><em>Τ</em></strong></span> <span class='ocrx_word' id='word_1_79' title='bbox 676 1336 801 1419; x_wconf 91' lang='grc' dir='ltr'><strong><em>χωρίον</em></strong></span> <span class='ocrx_word' id='word_1_80' title='bbox 823 1334 884 1399; x_wconf 81' lang='grc' dir='ltr'><strong><em>τοῦ</em></strong></span> <span class='ocrx_word' id='word_1_81' title='bbox 907 1335 1044 1398; x_wconf 90' lang='grc' dir='ltr'><em>ΑΒΓΔ</em></span> <span class='ocrx_word' id='word_1_82' title='bbox 1065 1325 1139 1397; x_wconf 79' lang='grc' dir='ltr'><strong><em>κύ-</em></strong></span> 
     </span>
     <span class='ocr_line' id='line_1_12' title="bbox 100 1433 1134 1526; baseline -0.004 -22"><span class='ocrx_word' id='word_1_83' title='bbox 100 1444 192 1505; x_wconf 89' lang='grc' dir='ltr'><strong><em>κλου.</em></strong></span> <span class='ocrx_word' id='word_1_84' title='bbox 225 1437 295 1504; x_wconf 77' lang='grc' dir='ltr'><strong><em>ἐπεὶ</em></strong></span> <span class='ocrx_word' id='word_1_85' title='bbox 312 1435 377 1525; x_wconf 80' lang='grc' dir='ltr'><strong><em>γάρ</em></strong></span> <span class='ocrx_word' id='word_1_86' title='bbox 397 1440 488 1505; x_wconf 77' lang='grc' dir='ltr'><strong><em>ἐστιν</em></strong></span> <span class='ocrx_word' id='word_1_87' title='bbox 508 1433 553 1516; x_wconf 78' lang='grc' dir='ltr'><strong><em>(ὃς</em></strong></span> <span class='ocrx_word' id='word_1_88' title='bbox 570 1435 608 1505; x_wconf 88' lang='grc' dir='ltr'><strong><em>τὸ</em></strong></span> <span class='ocrx_word' id='word_1_89' title='bbox 625 1445 659 1504; x_wconf 88' lang='grc' dir='ltr'><em>Σ</em></span> <span class='ocrx_word' id='word_1_90' title='bbox 676 1442 801 1525; x_wconf 89' lang='grc' dir='ltr'><strong><em>χωρίον</em></strong></span> <span class='ocrx_word' id='word_1_91' title='bbox 814 1434 899 1526; x_wconf 83' lang='grc' dir='ltr'><strong><em>πρὸς</em></strong></span> <span class='ocrx_word' id='word_1_92' title='bbox 912 1435 974 1505; x_wconf 85' lang='grc' dir='ltr'><strong><em>τὸν</em></strong></span> <span class='ocrx_word' id='word_1_93' title='bbox 987 1439 1134 1505; x_wconf 89' lang='grc' dir='ltr'><em>ΑΒΓΔ</em></span> 
     </span>
     <span class='ocr_line' id='line_1_13' title="bbox 100 1530 1148 1638; baseline -0.003 -28"><span class='ocrx_word' id='word_1_94' title='bbox 100 1530 241 1629; x_wconf 85' lang='grc' dir='ltr'><strong><em>κύκλον,</em></strong></span> <span class='ocrx_word' id='word_1_95' title='bbox 271 1540 378 1621; x_wconf 86' lang='grc' dir='ltr'><strong><em>ούτως</em></strong></span> <span class='ocrx_word' id='word_1_96' title='bbox 406 1541 425 1609; x_wconf 86' lang='lat'>6</span> <span class='ocrx_word' id='word_1_97' title='bbox 450 1549 588 1610; x_wconf 91' lang='grc' dir='ltr'>ΕΖΗΘ</span> <span class='ocrx_word' id='word_1_98' title='bbox 614 1542 736 1623; x_wconf 89' lang='grc' dir='ltr'><strong><em>κύκλος</em></strong></span> <span class='ocrx_word' id='word_1_99' title='bbox 762 1540 847 1632; x_wconf 82' lang='grc' dir='ltr'><strong><em>πρὸς</em></strong></span> <span class='ocrx_word' id='word_1_100' title='bbox 874 1541 913 1612; x_wconf 86' lang='grc' dir='ltr'><strong><em>τὸ</em></strong></span> <span class='ocrx_word' id='word_1_101' title='bbox 941 1547 1148 1638; x_wconf 47' lang='grc' dir='ltr'><strong><em>Τχωρίον,</em></strong></span> 
     </span>
     <span class='ocr_line' id='line_1_14' title="bbox 101 1641 1127 1735; baseline -0.003 -18"><span class='ocrx_word' id='word_1_102' title='bbox 101 1647 242 1729; x_wconf 77' lang='grc' dir='ltr'><strong><em>ἐναλλάξ</em></strong></span> <span class='ocrx_word' id='word_1_103' title='bbox 266 1651 357 1716; x_wconf 78' lang='grc' dir='ltr'><strong><em>ἐστιν</em></strong></span> <span class='ocrx_word' id='word_1_104' title='bbox 381 1643 427 1726; x_wconf 79' lang='grc' dir='ltr'><strong><em>ὡς</em></strong></span> <span class='ocrx_word' id='word_1_105' title='bbox 448 1645 486 1714; x_wconf 86' lang='grc' dir='ltr'><strong><em>τὸ</em></strong></span> <span class='ocrx_word' id='word_1_106' title='bbox 511 1656 546 1714; x_wconf 89' lang='grc' dir='ltr'><strong><em>Σ</em></strong></span> <span class='ocrx_word' id='word_1_107' title='bbox 566 1653 691 1735; x_wconf 91' lang='grc' dir='ltr'><strong><em>χωρίον</em></strong></span> <span class='ocrx_word' id='word_1_108' title='bbox 715 1646 800 1731; x_wconf 82' lang='grc' dir='ltr'><strong><em>πρὸς</em></strong></span> <span class='ocrx_word' id='word_1_109' title='bbox 821 1646 883 1716; x_wconf 88' lang='grc' dir='ltr'><strong><em>τὸν</em></strong></span> <span class='ocrx_word' id='word_1_110' title='bbox 907 1654 1047 1716; x_wconf 85' lang='grc' dir='ltr'>ΕΖΗΘ</span> <span class='ocrx_word' id='word_1_111' title='bbox 1069 1641 1127 1714; x_wconf 76' lang='grc' dir='ltr'><strong><em>κύ</em></strong></span> 
     </span>
     <span class='ocr_line' id='line_1_15' title="bbox 101 1751 1125 1843; baseline -0.009 -20"><span class='ocrx_word' id='word_1_112' title='bbox 101 1763 198 1841; x_wconf 91' lang='grc' dir='ltr'><strong><em>κλον,</em></strong></span> <span class='ocrx_word' id='word_1_113' title='bbox 232 1755 339 1834; x_wconf 79' lang='grc' dir='ltr'><strong><em>οὕτως</em></strong></span> <span class='ocrx_word' id='word_1_114' title='bbox 371 1751 390 1821; x_wconf 82' lang='grc' dir='ltr'>ὁ</span> <span class='ocrx_word' id='word_1_115' title='bbox 422 1758 559 1821; x_wconf 90' lang='grc' dir='ltr'><em>ΑΒΓΔ</em></span> <span class='ocrx_word' id='word_1_116' title='bbox 590 1753 711 1833; x_wconf 91' lang='grc' dir='ltr'><strong><em>κύκλος</em></strong></span> <span class='ocrx_word' id='word_1_117' title='bbox 742 1751 827 1842; x_wconf 83' lang='grc' dir='ltr'><strong><em>πρὸς</em></strong></span> <span class='ocrx_word' id='word_1_118' title='bbox 858 1751 896 1821; x_wconf 89' lang='grc' dir='ltr'><strong><em>τὸ</em></strong></span> <span class='ocrx_word' id='word_1_119' title='bbox 930 1761 960 1821; x_wconf 88' lang='grc' dir='ltr'><em>Τ</em></span> <span class='ocrx_word' id='word_1_120' title='bbox 988 1757 1125 1843; x_wconf 87' lang='grc' dir='ltr'><strong><em>χωρίον.</em></strong></span> 
     </span>
     <span class='ocr_line' id='line_1_16' title="bbox 50 1859 1124 1949; baseline -0.002 -21"><span class='ocrx_word' id='word_1_121' title='bbox 50 1879 83 1928; x_wconf 76' lang='lat'><strong><em>15</em></strong></span> <span class='ocrx_word' id='word_1_122' title='bbox 102 1868 214 1948; x_wconf 76' lang='grc' dir='ltr'><strong><em>μεῖζον</em></strong></span> <span class='ocrx_word' id='word_1_123' title='bbox 243 1859 341 1930; x_wconf 69' lang='grc' dir='ltr'><strong><em>δὲ</em></strong></span> <span class='ocrx_word' id='word_1_124' title='bbox 307 1887 345 1928; x_wconf 95' lang='grc' dir='ltr'><strong><em>το</em></strong></span> <span class='ocrx_word' id='word_1_125' title='bbox 370 1868 405 1927; x_wconf 96' lang='grc' dir='ltr'><strong><em>Σ</em></strong></span> <span class='ocrx_word' id='word_1_126' title='bbox 430 1867 554 1949; x_wconf 90' lang='grc' dir='ltr'><strong><em>χωρίον</em></strong></span> <span class='ocrx_word' id='word_1_127' title='bbox 582 1872 644 1928; x_wconf 78' lang='grc' dir='ltr'><strong><em>τοῦ</em></strong></span> <span class='ocrx_word' id='word_1_128' title='bbox 672 1867 808 1927; x_wconf 89' lang='grc' dir='ltr'>ΕΖΗΘ</span> <span class='ocrx_word' id='word_1_129' title='bbox 835 1859 975 1928; x_wconf 92' lang='grc' dir='ltr'><strong><em>κύκλου</em></strong></span> <span class='ocrx_word' id='word_1_130' title='bbox 1002 1865 1124 1947; x_wconf 79' lang='grc' dir='ltr'><strong><em>μείζων</em></strong></span> 
     </span>
     <span class='ocr_line' id='line_1_17' title="bbox 102 1959 1125 2065; baseline -0.006 -31"><span class='ocrx_word' id='word_1_131' title='bbox 102 1966 168 2057; x_wconf 75' lang='grc' dir='ltr'><strong><em>ἄρα</em></strong></span> <span class='ocrx_word' id='word_1_132' title='bbox 190 1965 284 2065; x_wconf 84' lang='grc' dir='ltr'><strong><em>καλ</em></strong></span> <span class='ocrx_word' id='word_1_133' title='bbox 271 1995 288 2034; x_wconf 97' lang='grc' dir='ltr'><strong><em>ο</em></strong></span> <span class='ocrx_word' id='word_1_134' title='bbox 313 1971 445 2034; x_wconf 90' lang='grc' dir='ltr'><em>ΑΒΓΔ</em></span> <span class='ocrx_word' id='word_1_135' title='bbox 467 1964 590 2046; x_wconf 88' lang='grc' dir='ltr'><strong><em>κύκλος</em></strong></span> <span class='ocrx_word' id='word_1_136' title='bbox 612 1970 674 2034; x_wconf 87' lang='grc' dir='ltr'><strong><em>τού</em></strong></span> <span class='ocrx_word' id='word_1_137' title='bbox 704 1973 733 2032; x_wconf 90' lang='grc' dir='ltr'><em>Τ</em></span> <span class='ocrx_word' id='word_1_138' title='bbox 750 1970 885 2053; x_wconf 88' lang='grc' dir='ltr'><strong><em>χωρίου.</em></strong></span> <span class='ocrx_word' id='word_1_139' title='bbox 924 1963 1008 2033; x_wconf 82' lang='grc' dir='ltr'><strong><em>ωστε</em></strong></span> <span class='ocrx_word' id='word_1_140' title='bbox 1032 1959 1125 2034; x_wconf 77' lang='grc' dir='ltr'><strong><em>ἐστὶν</em></strong></span> 
     </span>
     <span class='ocr_line' id='line_1_18' title="bbox 102 2068 1124 2161; baseline -0.002 -19"><span class='ocrx_word' id='word_1_141' title='bbox 102 2101 148 2154; x_wconf 90' lang='grc' dir='ltr'><strong><em>ως</em></strong></span> <span class='ocrx_word' id='word_1_142' title='bbox 174 2071 211 2142; x_wconf 85' lang='grc' dir='ltr'><strong><em>τὸ</em></strong></span> <span class='ocrx_word' id='word_1_143' title='bbox 235 2081 270 2140; x_wconf 96' lang='grc' dir='ltr'><strong><em>Σ</em></strong></span> <span class='ocrx_word' id='word_1_144' title='bbox 294 2078 419 2161; x_wconf 90' lang='grc' dir='ltr'><strong><em>χωρίον</em></strong></span> <span class='ocrx_word' id='word_1_145' title='bbox 446 2068 529 2160; x_wconf 79' lang='grc' dir='ltr'><strong><em>πρὸς</em></strong></span> <span class='ocrx_word' id='word_1_146' title='bbox 557 2069 617 2139; x_wconf 87' lang='grc' dir='ltr'><strong><em>τὸν</em></strong></span> <span class='ocrx_word' id='word_1_147' title='bbox 641 2078 775 2141; x_wconf 90' lang='grc' dir='ltr'><em>ΑΒΓΔ</em></span> <span class='ocrx_word' id='word_1_148' title='bbox 797 2070 939 2157; x_wconf 85' lang='grc' dir='ltr'><strong><em>κύκλον,</em></strong></span> <span class='ocrx_word' id='word_1_149' title='bbox 968 2070 1081 2151; x_wconf 84' lang='grc' dir='ltr'><strong><em>οὕτως</em></strong></span> <span class='ocrx_word' id='word_1_150' title='bbox 1110 2090 1124 2131; x_wconf 90' lang='lat'><strong>⁰</strong></span> 
     </span>
     <span class='ocr_line' id='line_1_19' title="bbox 103 2176 1126 2265; baseline -0.004 -18"><span class='ocrx_word' id='word_1_151' title='bbox 103 2187 238 2248; x_wconf 91' lang='grc' dir='ltr'>ΕΖΗΘ</span> <span class='ocrx_word' id='word_1_152' title='bbox 263 2179 386 2258; x_wconf 91' lang='grc' dir='ltr'><strong><em>κύκλος</em></strong></span> <span class='ocrx_word' id='word_1_153' title='bbox 412 2179 495 2265; x_wconf 85' lang='grc' dir='ltr'><strong><em>πρὸς</em></strong></span> <span class='ocrx_word' id='word_1_154' title='bbox 523 2177 660 2247; x_wconf 83' lang='grc' dir='ltr'><strong><em>ἔλαττόν</em></strong></span> <span class='ocrx_word' id='word_1_155' title='bbox 688 2204 719 2245; x_wconf 92' lang='grc' dir='ltr'><strong><em>τι</em></strong></span> <span class='ocrx_word' id='word_1_156' title='bbox 746 2183 808 2246; x_wconf 87' lang='grc' dir='ltr'><strong><em>τού</em></strong></span> <span class='ocrx_word' id='word_1_157' title='bbox 836 2183 970 2246; x_wconf 93' lang='grc' dir='ltr'><em>ΑΒΓΔ</em></span> <span class='ocrx_word' id='word_1_158' title='bbox 996 2176 1126 2246; x_wconf 78' lang='grc' dir='ltr'><strong><em>κύκλον</em></strong></span> 
     </span>
     <span class='ocr_line' id='line_1_20' title="bbox 107 2283 580 2375; baseline -0.004 -21"><span class='ocrx_word' id='word_1_159' title='bbox 107 2292 243 2375; x_wconf 90' lang='grc' dir='ltr'><strong><em>χωρίον·</em></strong></span> <span class='ocrx_word' id='word_1_160' title='bbox 268 2283 349 2374; x_wconf 82' lang='grc' dir='ltr'><strong><em>ὅπερ</em></strong></span> <span class='ocrx_word' id='word_1_161' title='bbox 374 2288 441 2351; x_wconf 77' lang='grc' dir='ltr'><strong><em>ἔδει</em></strong></span> <span class='ocrx_word' id='word_1_162' title='bbox 466 2284 580 2363; x_wconf 76' lang='grc' dir='ltr'><strong><em>δεῖξαι.</em></strong></span> 
     </span>
    </p>
   </div>
   <div class='ocr_carea' id='block_1_4' title="bbox 54 2459 1134 3203">
    <p class='ocr_par' dir='ltr' id='par_1_4' title="bbox 57 2459 774 2552">
     <span class='ocr_line' id='line_1_21' title="bbox 57 2459 774 2552; baseline 0.01 -7"><span class='ocrx_word' id='word_1_163' title='bbox 57 2481 91 2530; x_wconf 79' lang='lat'><strong><em>20</em></strong></span> <span class='ocrx_word' id='word_1_164' title='bbox 593 2459 637 2546; x_wconf 76' lang='grc' dir='ltr'><strong><em>ν’·</em></strong></span> <span class='ocrx_word' id='word_1_165' title='bbox 770 2546 774 2552; x_wconf 88' lang='grc'>.</span> 
     </span>
    </p>

    <p class='ocr_par' dir='ltr' id='par_1_5' title="bbox 106 2583 1131 2992">
     <span class='ocr_line' id='line_1_22' title="bbox 172 2583 1128 2672; baseline 0 -18"><span class='ocrx_word' id='word_1_166' title='bbox 172 2589 287 2654; x_wconf 81' lang='grc' dir='ltr'><strong><em>Πᾶσα</em></strong></span> <span class='ocrx_word' id='word_1_167' title='bbox 310 2583 482 2672; x_wconf 83' lang='grc' dir='ltr'><strong><em>πυραμὶς</em></strong></span> <span class='ocrx_word' id='word_1_168' title='bbox 499 2589 699 2672; x_wconf 82' lang='grc' dir='ltr'><strong><em>τρίγωνον</em></strong></span> <span class='ocrx_word' id='word_1_169' title='bbox 719 2590 863 2672; x_wconf 80' lang='grc' dir='ltr'><strong><em>ἔχουσα</em></strong></span> <span class='ocrx_word' id='word_1_170' title='bbox 882 2583 1002 2672; x_wconf 80' lang='grc' dir='ltr'><strong><em>βάσιν</em></strong></span> <span class='ocrx_word' id='word_1_171' title='bbox 1021 2589 1128 2654; x_wconf 69' lang='grc' dir='ltr'><strong><em>διαλ-</em></strong></span> 
     </span>
     <span class='ocr_line' id='line_1_23' title="bbox 106 2688 1130 2779; baseline -0.002 -20"><span class='ocrx_word' id='word_1_172' title='bbox 106 2705 233 2779; x_wconf 78' lang='grc' dir='ltr'><strong><em>ρεῑται</em></strong></span> <span class='ocrx_word' id='word_1_173' title='bbox 261 2695 317 2770; x_wconf 83' lang='grc' dir='ltr'><strong><em>είς</em></strong></span> <span class='ocrx_word' id='word_1_174' title='bbox 344 2688 416 2758; x_wconf 78' lang='grc' dir='ltr'><strong><em>δύο</em></strong></span> <span class='ocrx_word' id='word_1_175' title='bbox 445 2695 675 2778; x_wconf 79' lang='grc' dir='ltr'><strong><em>πυραμίδας</em></strong></span> <span class='ocrx_word' id='word_1_176' title='bbox 702 2699 790 2771; x_wconf 84' lang='grc' dir='ltr'><strong><em>λσας</em></strong></span> <span class='ocrx_word' id='word_1_177' title='bbox 818 2715 860 2759; x_wconf 87' lang='grc' dir='ltr'><strong><em>τι</em></strong></span> <span class='ocrx_word' id='word_1_178' title='bbox 889 2692 956 2760; x_wconf 89' lang='grc' dir='ltr'><strong><em>καλ</em></strong></span> <span class='ocrx_word' id='word_1_179' title='bbox 983 2688 1130 2779; x_wconf 70' lang='grc' dir='ltr'><strong><em>ὁμοίας</em></strong></span> 
     </span>
     <span class='ocr_line' id='line_1_24' title="bbox 106 2784 1131 2886; baseline -0.003 -22"><span class='ocrx_word' id='word_1_180' title='bbox 106 2794 296 2884; x_wconf 80' lang='grc' dir='ltr'><strong><em>ἀλλήλαις</em></strong></span> <span class='ocrx_word' id='word_1_181' title='bbox 319 2796 383 2864; x_wconf 84' lang='grc' dir='ltr'><strong><em>καλ</em></strong></span> <span class='ocrx_word' id='word_1_182' title='bbox 409 2794 573 2883; x_wconf 87' lang='grc' dir='ltr'><strong><em>[ὁμοίας]</em></strong></span> <span class='ocrx_word' id='word_1_183' title='bbox 602 2801 647 2886; x_wconf 74' lang='grc' dir='ltr'><strong><em>τῇ</em></strong></span> <span class='ocrx_word' id='word_1_184' title='bbox 676 2796 746 2886; x_wconf 76' lang='grc' dir='ltr'><strong><em>ὅλῃ</em></strong></span> <span class='ocrx_word' id='word_1_185' title='bbox 769 2797 992 2886; x_wconf 81' lang='grc' dir='ltr'><strong><em>τριγώνους</em></strong></span> <span class='ocrx_word' id='word_1_186' title='bbox 1015 2784 1131 2886; x_wconf 74' lang='grc' dir='ltr'><strong><em>ἐχού-</em></strong></span> 
     </span>
     <span class='ocr_line' id='line_1_25' title="bbox 107 2887 1131 2992; baseline 0.003 -22"><span class='ocrx_word' id='word_1_187' title='bbox 107 2922 176 2983; x_wconf 92' lang='grc' dir='ltr'><strong><em>σας</em></strong></span> <span class='ocrx_word' id='word_1_188' title='bbox 207 2902 343 2988; x_wconf 83' lang='grc' dir='ltr'><strong><em>βάσεις</em></strong></span> <span class='ocrx_word' id='word_1_189' title='bbox 369 2903 434 2970; x_wconf 84' lang='grc' dir='ltr'><strong><em>κοιλ</em></strong></span> <span class='ocrx_word' id='word_1_190' title='bbox 463 2906 519 2982; x_wconf 85' lang='grc' dir='ltr'><strong><em>είς</em></strong></span> <span class='ocrx_word' id='word_1_191' title='bbox 547 2902 620 2972; x_wconf 78' lang='grc' dir='ltr'><strong><em>δύο</em></strong></span> <span class='ocrx_word' id='word_1_192' title='bbox 649 2910 850 2992; x_wconf 80' lang='grc' dir='ltr'><strong><em>πρίσματα</em></strong></span> <span class='ocrx_word' id='word_1_193' title='bbox 877 2912 956 2973; x_wconf 86' lang='grc' dir='ltr'><strong><em>ίσα·</em></strong></span> <span class='ocrx_word' id='word_1_194' title='bbox 987 2906 1052 2973; x_wconf 83' lang='grc' dir='ltr'><strong><em>καὶ</em></strong></span> <span class='ocrx_word' id='word_1_195' title='bbox 1096 2887 1131 2959; x_wconf 59' lang='grc' dir='ltr'><strong><em>τὰ</em></strong></span> 
     </span>
    </p>

    <p class='ocr_par' dir='ltr' id='par_1_6' title="bbox 54 3006 1134 3203">
     <span class='ocr_line' id='line_1_26' title="bbox 54 3006 1134 3098; baseline 0.004 -21"><span class='ocrx_word' id='word_1_196' title='bbox 54 3027 88 3077; x_wconf 80' lang='lat'><strong><em>25</em></strong></span> <span class='ocrx_word' id='word_1_197' title='bbox 108 3009 180 3078; x_wconf 79' lang='grc' dir='ltr'><strong><em>δύο</em></strong></span> <span class='ocrx_word' id='word_1_198' title='bbox 212 3014 412 3098; x_wconf 81' lang='grc' dir='ltr'><strong><em>πρίσματα</em></strong></span> <span class='ocrx_word' id='word_1_199' title='bbox 444 3008 605 3096; x_wconf 79' lang='grc' dir='ltr'><strong><em>μείζονά</em></strong></span> <span class='ocrx_word' id='word_1_200' title='bbox 638 3013 746 3079; x_wconf 78' lang='grc' dir='ltr'><strong><em>ἐστιν</em></strong></span> <span class='ocrx_word' id='word_1_201' title='bbox 780 3006 800 3098; x_wconf 78' lang='grc' dir='ltr'><strong><em>ἢ</em></strong></span> <span class='ocrx_word' id='word_1_202' title='bbox 833 3009 876 3079; x_wconf 86' lang='grc' dir='ltr'><strong><em>τὸ</em></strong></span> <span class='ocrx_word' id='word_1_203' title='bbox 909 3009 1031 3098; x_wconf 77' lang='grc' dir='ltr'><strong><em>ἥμισυ</em></strong></span> <span class='ocrx_word' id='word_1_204' title='bbox 1059 3006 1134 3082; x_wconf 62' lang='lat' dir='ltr'><strong><em>vass</em></strong></span> 
     </span>
     <span class='ocr_line' id='line_1_27' title="bbox 109 3114 461 3203; baseline 0.003 -20"><span class='ocrx_word' id='word_1_205' title='bbox 109 3114 203 3202; x_wconf 81' lang='grc' dir='ltr'><strong><em>ὅλης</em></strong></span> <span class='ocrx_word' id='word_1_206' title='bbox 225 3120 461 3203; x_wconf 77' lang='grc' dir='ltr'><strong><em>πυραμίδος.</em></strong></span> 
     </span>
    </p>
   </div>
   <div class='ocr_carea' id='block_1_5' title="bbox 109 3244 321 3252">
    <p class='ocr_par' dir='ltr' id='par_1_7' title="bbox 109 3244 321 3252">
     <span class='ocr_line' id='line_1_28' title="bbox 109 3244 321 3252; baseline 0.005 -1"><span class='ocrx_word' id='word_1_207' title='bbox 109 3244 321 3252; x_wconf 75' lang='lat'><strong><em>-—.--—--.</em></strong></span> 
     </span>
    </p>
   </div>
   <div class='ocr_carea' id='block_1_6' title="bbox 103 3290 1142 3526">
    <p class='ocr_par' dir='ltr' id='par_1_8' title="bbox 103 3290 1142 3526">
     <span class='ocr_line' id='line_1_29' title="bbox 180 3290 1138 3382; baseline -0.005 -16"><span class='ocrx_word' id='word_1_208' title='bbox 180 3317 204 3368; x_wconf 84' lang='lat'>3.</span> <span class='ocrx_word' id='word_1_209' title='bbox 223 3311 330 3382; x_wconf 84' lang='grc' dir='ltr'><strong><em>λῆμμα]</em></strong></span> <span class='ocrx_word' id='word_1_210' title='bbox 351 3326 405 3366; x_wconf 88' lang='lat' dir='ltr'>om.</span> <span class='ocrx_word' id='word_1_211' title='bbox 425 3309 505 3367; x_wconf 83' lang='lat' dir='ltr'>codd.</span> <span class='ocrx_word' id='word_1_212' title='bbox 605 3316 630 3366; x_wconf 80' lang='grc'><strong><em>6.</em></strong></span> <span class='ocrx_word' id='word_1_213' title='bbox 651 3307 768 3366; x_wconf 79' lang='grc' dir='ltr'><strong><em>ἔλασσον</em></strong></span> <span class='ocrx_word' id='word_1_214' title='bbox 786 3312 871 3380; x_wconf 68' lang='grc' dir='ltr'><strong><em>Βλίο.</em></strong></span> <span class='ocrx_word' id='word_1_215' title='bbox 962 3318 986 3368; x_wconf 82' lang='grc'><strong><em>7.</em></strong></span> <span class='ocrx_word' id='word_1_216' title='bbox 1005 3290 1138 3366; x_wconf 60' lang='grc' dir='ltr'><strong><em>κύκλον]</em></strong></span> 
     </span>
     <span class='ocr_line' id='line_1_30' title="bbox 109 3377 1140 3470; baseline -0.005 -33"><span class='ocrx_word' id='word_1_217' title='bbox 109 3399 162 3438; x_wconf 88' lang='lat' dir='ltr'>om.</span> <span class='ocrx_word' id='word_1_218' title='bbox 184 3383 216 3437; x_wconf 88' lang='lat' dir='ltr'><strong><em>V.</em></strong></span> <span class='ocrx_word' id='word_1_219' title='bbox 279 3388 304 3439; x_wconf 84' lang='lat'>9.</span> <span class='ocrx_word' id='word_1_220' title='bbox 310 3379 368 3470; x_wconf 89' lang='grc' dir='ltr'><strong><em>τό]</em></strong></span> <span class='ocrx_word' id='word_1_221' title='bbox 389 3398 459 3437; x_wconf 82' lang='lat' dir='ltr'>corr.</span> <span class='ocrx_word' id='word_1_222' title='bbox 479 3397 513 3436; x_wconf 82' lang='lat' dir='ltr'><strong><em>ex</em></strong></span> <span class='ocrx_word' id='word_1_223' title='bbox 531 3377 582 3437; x_wconf 89' lang='grc' dir='ltr'><strong><em>τόν</em></strong></span> <span class='ocrx_word' id='word_1_224' title='bbox 601 3400 638 3436; x_wconf 91' lang='lat' dir='ltr'>m</span> <span class='ocrx_word' id='word_1_225' title='bbox 659 3383 723 3437; x_wconf 91' lang='lat' dir='ltr'>1P.</span> <span class='ocrx_word' id='word_1_226' title='bbox 789 3389 830 3439; x_wconf 87' lang='lat'>10.</span> <span class='ocrx_word' id='word_1_227' title='bbox 850 3381 1014 3448; x_wconf 77' lang='grc' dir='ltr'><strong><em>ἔλασσονΒ,</em></strong></span> <span class='ocrx_word' id='word_1_228' title='bbox 1033 3380 1140 3437; x_wconf 64' lang='lat' dir='ltr'><strong>comp·</strong></span> 
     </span>
     <span class='ocr_line' id='line_1_31' title="bbox 103 3425 1142 3526; baseline 0.002 -19"><span class='ocrx_word' id='word_1_229' title='bbox 103 3452 136 3510; x_wconf 80' lang='grc' dir='ltr'><strong><em>Γ,</em></strong></span> <span class='ocrx_word' id='word_1_230' title='bbox 220 3459 260 3512; x_wconf 77' lang='lat'><strong><em>12</em></strong></span> <span class='ocrx_word' id='word_1_231' title='bbox 281 3449 396 3525; x_wconf 86' lang='grc' dir='ltr'><strong><em>κύκλος]</em></strong></span> <span class='ocrx_word' id='word_1_232' title='bbox 416 3468 470 3509; x_wconf 89' lang='lat' dir='ltr'>om.</span> <span class='ocrx_word' id='word_1_233' title='bbox 489 3453 523 3509; x_wconf 96' lang='lat' dir='ltr'>V.</span> <span class='ocrx_word' id='word_1_234' title='bbox 608 3458 649 3508; x_wconf 78' lang='lat'>13.</span> <span class='ocrx_word' id='word_1_235' title='bbox 669 3453 711 3525; x_wconf 89' lang='grc' dir='ltr'><strong><em>Σ]</em></strong></span> <span class='ocrx_word' id='word_1_236' title='bbox 731 3453 803 3507; x_wconf 79' lang='grc' dir='ltr'><strong><em>ΕΓ.</em></strong></span> <span class='ocrx_word' id='word_1_237' title='bbox 890 3460 931 3511; x_wconf 80' lang='grc'><strong><em>15.</em></strong></span> <span class='ocrx_word' id='word_1_238' title='bbox 952 3425 1069 3526; x_wconf 65' lang='grc' dir='ltr'><strong><em>μειὲον]</em></strong></span> <span class='ocrx_word' id='word_1_239' title='bbox 1105 3449 1142 3489; x_wconf 69' lang='lat'><strong><em>&#39;⁰⁹</em></strong></span> 
     </span>
    </p>
   </div>
   <div class='ocr_carea' id='block_1_7' title="bbox 0 0 1174 3818">
    <p class='ocr_par' dir='ltr' id='par_1_9' title="bbox 0 0 1174 3818">
     <span class='ocr_line' id='line_1_32' title="bbox 0 0 1174 3818; baseline 0 2"><span class='ocrx_word' id='word_1_240' title='bbox 0 0 1174 3818; x_wconf 95' lang='lat' dir='ltr'><strong><em> </em></strong></span> 
     </span>
    </p>
   </div>
  </div>
 </body>
</html>
