2340 3818
329 139 605 194 murmurosum
624 137 734 190 anan
751 136 798 187 nr.
1033 132 1076 198 19

128 310 171 354 ne
193 289 262 352 sint
285 286 386 370 enirn,
409 304 536 368 uerum,
560 283 588 347 si
610 281 680 346 fieri
703 283 825 364 polest,
842 284 936 361 BA,
960 284 1027 344 ΒΕ
1048 281 1082 344 in

59 396 161 480 plano
181 393 361 460 subiacenti
381 391 461 474 sint,
484 391 550 453 ΒΓ
565 393 674 453 autem
693 387 728 450 in
746 385 936 468 eleuatiore,
960 391 992 449 el
1010 407 1082 469 pro·

60 503 202 567 ducatur
215 502 349 584 planum
364 518 423 580 per
437 502 469 559 A
474 500 519 577 Β,
533 496 604 558 ΒΓ.
633 511 836 558 communem
851 490 954 575 igitur
968 492 1082 556 sectio-

47 610 48 614 ’
437 621 512 664 nem
544 600 578 662 in
610 600 707 682 plano
742 596 924 662 subiacenti
960 600 1083 661 rectam

251 752 278 805 Γ
439 705 559 770 efficiet
601 707 705 787 [prop.
741 701 813 781 III].
865 702 985 767 efficiat
1012 706 1083 768 ΒΖ.

271 837 294 887 Ζ

191 741 197 891 l
438 812 549 896 itaque
567 814 635 875 tres
653 812 761 874 rectae
778 812 841 872 AB
847 856 857 891 ,
877 811 949 890 ΒΓ,
968 811 1031 873 ΒΖ
1049 808 1084 872 in

113 903 147 1045 s
439 917 552 982 eodem
575 916 673 1000 plano
698 919 786 999 sunl,
815 914 901 998 quod
923 935 982 996 per
1005 917 1082 996 AB,

111 1048 114 1052 ’
158 1005 186 1058 Β
322 1017 346 1074 Α
438 1026 504 1087 ΒΓ
528 1022 664 1088 ducitur.
716 1024 749 1086 el
777 1020 929 1103 quoniam
953 1023 1019 1084 AB
1043 1019 1083 1084 ad

78 1166 80 1170 ·
286 1157 315 1209 Ε
437 1132 608 1212 utramque
622 1131 707 1209 BA,
726 1130 795 1190 ΒΕ
805 1125 1082 1210 perpendicularis

439 1237 499 1312 cst,
512 1235 613 1299 eliam
627 1233 809 1316 adplenum
823 1235 984 1297 neccarum
998 1235 1082 1314 BA,

61 1342 131 1402 BE
150 1337 428 1422 perpendicularis
447 1344 498 1404 est
512 1342 577 1403 AB
597 1339 700 1422 [prop.
713 1337 784 1419 IV].
820 1338 954 1421 planum
974 1341 1084 1402 aulem

61 1447 228 1508 rectarum
250 1446 337 1526 BA,
360 1448 428 1509 ΒΕ
448 1445 619 1510 subiacens
644 1449 707 1528 csl;
735 1447 801 1508 AB
824 1444 926 1528 igitur
950 1443 990 1506 ad
1013 1443 1083 1526 pla·

63 1571 146 1613 num
163 1550 334 1615 subiacens
353 1551 628 1635 perpendicularis
643 1554 701 1615 est.
731 1571 831 1634 quare
846 1549 944 1614 etiam
961 1549 1002 1613 ad
1017 1570 1083 1613 om·

64 1675 124 1719 nes
145 1658 252 1720 rectas
275 1677 347 1721 carn
374 1660 545 1742 nongentas
573 1661 606 1721 el
632 1658 667 1721 in
695 1656 874 1721 subiacenti
901 1656 1000 1738 plano
1027 1676 1083 1736 po-

64 1760 146 1824 siias
170 1765 277 1826 recisos
296 1763 433 1847 angulos
453 1762 572 1827 efficiet
589 1766 655 1827 AB
676 1762 749 1843 [def.
770 1764 814 1843 3].
846 1761 955 1844 tangil
975 1761 1083 1823 autem

63 1887 138 1931 eam
161 1870 225 1931 BZ
251 1867 287 1932 in
313 1868 495 1933 subiacenti
521 1868 618 1952 plano
646 1869 763 1951 posita.
812 1867 925 1948 itaque
948 1868 1083 1939 [ΑΒΖ

62 1975 173 2035 rectus
191 1977 250 2037 esa
287 1975 517 2058 supposuimus
537 1977 662 2054 autem,
685 1973 786 2059 etiarn
803 1972 946 2044 [ΑΒΓ
960 1974 1083 2036 rectum

63 2098 145 2142 esse.
190 2079 251 2143 erit
269 2079 371 2164 igitur
389 2083 524 2154 [ΑΒΖ
539 2108 581 2131 ==
597 2080 704 2142 ΑΒΓ.
751 2081 783 2141 et
800 2077 833 2139 in
853 2076 965 2140 eodem
983 2076 1082 2160 plano

64 2187 156 2266 sunt,
179 2184 265 2268 quod
286 2185 359 2249 ficri
377 2206 443 2250 non
460 2189 579 2268 potest.
615 2185 726 2269 itaque
745 2187 833 2248 recta
851 2185 916 2247 ΒΓ
931 2183 973 2246 in'
983 2183 1082 2265 plano

64 2288 243 2352 eleualiore
265 2291 375 2373 posita
396 2313 463 2355 non
486 2295 551 2374 est,
573 2292 684 2375 ilaque
707 2293 773 2355 tres
787 2295 894 2354 rectae
910 2289 982 2370 ΒΓ,
998 2291 1083 2371 BA,

64 2397 134 2457 ΒΕ
155 2395 190 2457 in
212 2394 325 2460 eodem
348 2395 448 2479 plano
472 2400 556 2460 sunl.

134 2497 230 2584 Ergo.
248 2503 277 2565 si
298 2505 387 2566 reela
410 2500 450 2565 ad
473 2505 541 2566 tres
564 2505 669 2566 rectas
692 2502 778 2565 inter
802 2522 835 2565 se
858 2503 1030 2584 tangentes
1048 2499 1084 2563 in

178 657 203 712 Α

64 2608 188 2688 puncto
211 2607 364 2672 lectionis
388 2607 663 2690 perpendicularis
687 2610 795 2672 erecta
818 2607 893 2690 erit,
918 2608 984 2668 tres
1006 2605 1082 2669 illae

63 2713 175 2776 rectae
194 2711 230 2775 in
248 2711 360 2775 eodem
378 2713 478 2794 plano
494 2717 584 2796 sunl,
605 2713 689 2796 quod
704 2715 775 2776 erat
789 2710 1083 2775 demonstrandum.

549 2887 604 2953 VI.

136 3009 171 3076 si
203 3011 284 3074 duae
316 3016 423 3075 rectae
452 3011 492 3074 cd
522 3011 607 3075 idem
634 3012 768 3094 planum
800 3009 1082 3093 perpendiculares

63 3121 159 3202 sunt,
181 3120 288 3182 rectae
311 3116 487 3200 parallelae
511 3121 612 3181 erunt.

63 3345 137 3384 corr.
153 3344 190 3382 m.
208 3332 231 3382 1.
287 3330 313 3380 8.
327 3326 393 3397 ΒΔ]
409 3327 482 3396 (ali.)
497 3332 518 3380 Β
537 3326 566 3380 in
584 3340 638 3382 ras.
657 3342 694 3381 m.
710 3331 724 3378 1
739 3324 770 3377 Β.
834 3329 859 3377 9.
879 3319 954 3394 dcccl
967 3324 1050 3393 prius
1067 3345 1090 3374 a

61 3399 94 3454 in
113 3413 170 3454 ras.
189 3414 226 3452 m.
247 3403 262 3450 1
280 3397 311 3450 P.
377 3402 418 3451 10.
438 3396 496 3470 ΑΒ]
517 3393 602 3452 B''A'
617 3395 648 3455 F.
711 3401 759 3452 ra.
773 3389 911 3466 essars.
971 3390 1118 3453 ram

61 3486 137 3526 corr.
156 3483 192 3522 ax
205 3472 255 3520 AB
271 3467 307 3534 V,·
322 3472 375 3522 ΑΒ
390 3484 473 3541 supra
494 3486 547 3528 scr.
570 3476 597 3529 Γ
613 3492 653 3530 m.
675 3478 691 3530 l
708 3472 743 3530 b.
819 3475 871 3525 ‘lla
891 3457 1062 3583 &capo

928 3562 952 3608 ‘l-

1134 3610 1154 3755 l
