2340 3818
66 107 131 171 266
438 109 640 162 Στοωιιιοιει
658 106 706 178 η’.

63 247 128 334 ὅρα
160 247 181 334 ἡ
210 255 275 316 ΖΓ
297 253 396 337 λοιπῇ
423 260 463 338 τῇ
488 257 552 317 ΖΕ
579 253 668 319 ἐστιν
696 259 761 337 ἴση.
812 255 881 318 ἔστι
910 249 947 318 δὲ
974 249 1031 316 καῖ
1056 245 1076 336 ἡ

63 363 125 425 ΓΔ
147 359 187 444 τῇ
213 362 282 422 ΔΕ
303 363 369 441 ἴση.
415 354 478 424 δύο
503 354 544 444 δὴ
569 359 607 424 αί
627 364 698 443 ΖΓ,
725 363 786 424 ΓΔ
809 356 888 424 δυσὶ
910 368 984 436 ταῖς
1002 361 1077 440 ΖΕ,

64 469 127 530 ΕΔ
151 470 221 529 ἴσαι
244 466 343 530 είσίν·
370 462 426 530 καὶ
449 462 547 547 βάσις
570 461 682 532 αὐτῶν
704 459 802 548 κοινὴ
824 459 846 549 ἡ
871 468 947 529 ΖΔ·
973 465 1077 547 γωνία

63 565 163 655 άραὴ
183 566 248 636 ὑπὸ
265 575 358 636 ΖΓΔ
375 575 483 660 γωνίᾳ
496 573 535 656 τῇ
549 565 617 638 ὑπὸ
631 577 729 637 ΖΕΔ
743 571 834 637 ἐστιν
847 576 913 655 ἴση.
943 569 1077 654 ἐδείχθη

28 673 102 749 σδε
131 676 186 741 καὶ
214 674 234 762 ἡ
262 674 329 743 ὑπὸ
353 682 448 743 ΒΓΑ
474 684 514 764 τῇ
537 674 603 744 ὑπὸ
627 682 728 743 ΑΕΒ
751 683 820 762 ἴση·
847 674 904 743 καὶ
927 673 990 760 ὅλη
1013 671 1077 760 άρα

64 778 84 867 ἡ
116 779 182 849 ὑπὸ
212 788 310 849 ΒΓΔ
342 779 403 871 ὅιη
435 784 475 870 τῇ
507 778 574 849 ὑπο
602 789 703 849 AEA
735 789 801 869 ιση.
852 777 927 849 ἀλλ’
960 776 982 866 ἡ
1011 777 1075 848 ὑπὸ

63 893 161 955 ΒΓΔ
184 896 239 973 ἴση
263 884 435 955 ὑπόκειται
453 901 525 968 ταῖς
543 885 627 974 πρὸς
644 900 715 967 τοῖς
733 897 782 974 A,
801 894 830 954 B
849 891 1002 972 γωνίαις·
1024 885 1078 953 καὶ

64 990 85 1078 ἡ
112 990 178 1061 ὑπὸ
203 1000 304 1060 ΑΕΔ
332 992 398 1080 ἄρα
424 1006 496 1073 ταῖς
522 991 605 1078 πρὸς
632 1006 702 1074 τοῖς
724 1003 771 1079 A,
798 1000 827 1060 Β
854 997 995 1079 γωνίαις
1022 999 1076 1078 ἴση

65 1101 164 1166 ἐστίν.
210 1096 334 1185 ὁμοίως
357 1097 398 1185 δὴ
423 1100 586 1186 δείξομεν,
611 1097 661 1168 ὅτι
684 1100 740 1167 καὶ
762 1097 784 1185 ἡ
807 1096 874 1166 ὑπὸ
898 1103 962 1165 ΓΔ
970 1104 999 1165 Ε
1020 1123 1079 1184 γω-

15 1229 48 1278 10
66 1209 123 1270 νία
152 1210 206 1290 ἴση
236 1205 304 1271 ἐστὶ
331 1217 403 1285 ταῖς
430 1204 513 1293 πρὸς
539 1218 609 1286 τοῖς
632 1214 678 1291 Α,
707 1212 751 1292 Β,
779 1211 812 1273 Γ
829 1209 983 1292 γωνίαις·
1012 1207 1078 1272 ίσο-

64 1308 191 1396 γωνιον
215 1308 279 1395 ὅρα
303 1311 372 1378 ἐστὶ
395 1311 433 1378 τὸ
458 1318 628 1379 ΑΒΓΔΕ
648 1308 873 1397 πεντάγωνον.
917 1400 920 1404 ,

128 1414 225 1484 Ἀλλὰ
249 1416 290 1503 δὴ
314 1415 358 1503 μὴ
382 1422 531 1485 ἔστωσαν
554 1424 624 1485 ἴσαι
643 1420 682 1485 αἴ
696 1413 779 1484 κατὰ
797 1417 836 1486 τὸ
855 1417 930 1503 ἑξῆς
948 1422 1079 1503 γωνίαι,
1095 1499 1100 1507 ,

65 1519 138 1590 ἄλλ’
170 1528 318 1591 ἔστωσαν
346 1531 416 1591 ἴσαι
443 1525 481 1589 αί
506 1521 590 1612 πρός
618 1535 688 1603 τοῖς
710 1531 759 1609 A,
787 1529 826 1610 Γ,
854 1531 889 1590 Δ
916 1528 1079 1610 σημείοις·

65 1630 165 1714 λέγω,
204 1627 254 1698 ὅτι
290 1629 345 1696 καὶ
378 1626 484 1708 οὕτως
517 1627 699 1715 ίσογάνιόν
736 1631 805 1698 ἐστι
840 1629 878 1697 τὸ
910 1634 1082 1697 ΑΒΓΔΕ

14 1758 48 1807 15
66 1734 291 1821 πεντάγωνον.
569 1736 571 1740 ’
822 1751 825 1756 ’

128 1837 333 1928 Ἐπεζεύχθω
356 1842 419 1927 γὰρ
443 1837 464 1926 ἡ
484 1847 555 1910 ΒΔ.
594 1841 650 1908 καὶ
674 1841 743 1909 ἐπεὶ
767 1839 829 1908 δύο
853 1842 890 1907 αί
910 1847 988 1926 BA,
1014 1848 1082 1910 ΑΕ

66 1948 143 2015 δυσὶ
170 1961 242 2028 ταῖς
270 1953 342 2033 ΒΓ,
374 1953 437 2015 ΓΔ
466 1955 535 2015 ἴσαι
562 1946 627 2015 είσῖ
653 1946 709 2014 καί
736 1950 861 2032 γωνίας
888 1953 963 2026 ἴσας
989 1970 1081 2034 περι-

65 2055 210 2139 ἔχουσιν,
234 2053 332 2139 βάσις
354 2051 420 2140 άρα
443 2050 464 2139 ἡ
484 2060 550 2120 ΒΕ
565 2052 663 2138 βάσει
679 2057 720 2140 τῇ
739 2061 804 2121 ΒΔ
823 2060 878 2138 ἴση
898 2053 1002 2139 ἐστίν,
1026 2053 1080 2121 καὶ

65 2156 101 2224 τὸ
126 2165 228 2225 ΑΒΕ
247 2165 413 2245 τρίγωνον
436 2163 482 2252 τῷ
506 2150 601 2226 ΒΓΔ
623 2159 776 2251 τριγώνῳ
800 2166 876 2226 ἴσον
899 2160 1002 2245 ἐστίν,
1026 2161 1081 2228 καὶ

13 2287 48 2336 20
67 2267 104 2330 αἱ
130 2264 243 2331 λοιπαὶ
270 2270 391 2349 γωνίαι
417 2278 489 2345 ταῖς
516 2273 647 2344 λοιπαῖς
673 2271 812 2352 γωνίαις
839 2273 908 2333 ἴσαι
932 2269 1079 2352 ἔσονται,

65 2367 125 2455 ὑφ’
156 2366 195 2450 ἃς
224 2372 261 2436 αἴ
282 2378 351 2437 ἴσαι
373 2369 514 2458 πλευραὶ
536 2368 788 2439 ὑποτείνουσιν·
817 2379 871 2457 ἴση
896 2369 963 2458 ἄρα
986 2372 1079 2441 ἐστὶν

66 2473 86 2562 ἡ
120 2474 185 2543 ὑπὸ
214 2482 313 2542 ΑΕΒ
346 2480 452 2561 γωνία
483 2480 523 2565 τῇ
556 2474 622 2545 ὑπὸ
651 2483 759 2546 ΓΔΒ.
808 2481 878 2545 ἔστι
908 2475 947 2544 δὲ
973 2478 1033 2545 καί
1058 2474 1081 2564 ἡ

65 2579 130 2650 ὑπὸ
155 2588 254 2648 ΒΕΔ
276 2587 382 2667 γωνία
404 2584 443 2669 τῇ
466 2578 533 2650 ὑπὸ
556 2589 658 2650 ΒΔΕ
679 2591 749 2670 ἴση,
778 2582 847 2651 ἐπεὶ
874 2583 929 2651 ιιαῖ
954 2580 1083 2671 πλευρὰ

65 2685 85 2772 ἡ
110 2695 175 2755 ΒΕ
196 2691 323 2776 πλευρᾷ
345 2692 385 2776 τῇ
410 2695 473 2756 ΒΔ
495 2690 586 2757 ἐστιν
610 2697 675 2775 ἴση.
714 2689 770 2756 καὶ
794 2688 855 2776 ὅλη
879 2687 945 2774 ὅρα
968 2686 990 2776 ἡ
1014 2687 1082 2759 ὑπὸ

11 2815 46 2864 25
66 2801 166 2860 ΑΕΔ
198 2799 304 2880 γωνία
333 2791 393 2882 ὅλη
421 2798 461 2882 τῇ
494 2792 560 2863 ὑπὸ
588 2802 686 2863 ΓΔΕ
712 2798 801 2863 ἐστιν
829 2803 894 2882 ἴση.
944 2793 1033 2864 ἀλλὰ
1059 2793 1081 2883 ἡ

65 2898 130 2967 ὑπὸ
151 2906 248 2966 ΓΔΒ
268 2914 339 2980 ταῖς
357 2903 441 2986 πρὸς
459 2913 530 2980 τοῖς
549 2909 596 2988 A,
616 2907 647 2968 Γ
660 2907 799 2986 γωνίαις
816 2898 992 2970 ὑπόκειται
1012 2910 1081 2990 ἴση·

139 3157 162 3203 1.
183 3144 257 3203 ἐστιν
277 3150 322 3216 ἴση
344 3179 373 3188 -
395 3154 418 3202 3.
439 3147 503 3218 ΕΔ]
523 3147 566 3202 bis
584 3147 610 3203 b.
712 3154 735 3201 1.
757 3146 831 3203 ἔστιν
849 3147 881 3203 Β.
980 3154 1007 3204 3.
1027 3147 1085 3205 εἴσί

68 3220 123 3275 Vb.
212 3226 235 3274 ὅ.
255 3220 320 3288 καί]
341 3234 394 3272 om.
413 3217 475 3273 BV.
566 3225 589 3273 6.
611 3215 686 3273 ἐστιν
705 3220 751 3288 ἴση
770 3219 832 3274 BV.
904 3215 976 3274 άλλά
994 3221 1080 3289 Bvq.

174 3298 197 3344 7„
218 3290 308 3361 ΒΓΔ]
339 3289 387 3356 sic,
407 3289 456 3343 sed
474 3307 530 3359 mg.
550 3306 586 3344 m.
608 3296 620 3342 1
644 3292 723 3344 ΓΔΕ
741 3291 769 3345 b.
876 3291 1006 3363 γωνίαις]
1025 3308 1080 3347 om.

65 3360 151 3417 BVb.
259 3369 283 3415 8.
303 3361 372 3430 τοῖς]
392 3357 458 3422 τούς
476 3376 502 3427 q.
601 3360 669 3415 Post
688 3365 709 3414 B
728 3361 791 3416 add.
813 3365 872 3428 Pq
893 3361 922 3415 et
940 3377 1027 3432 supra
1043 3379 1079 3416 m.

60 3432 127 3486 IV,
186 3438 228 3488 10.
247 3433 287 3506 Γ]
307 3449 360 3488 om.
380 3430 417 3502 B,
437 3447 523 3502 supra
538 3431 665 3484 m.1V.
721 3438 761 3487 11.
782 3427 857 3486 ἐστίν
875 3429 907 3499 Β,
926 3447 981 3487 om.
1001 3433 1036 3488 V.
