2340 3818
89 159 156 224 224
459 161 662 214 Στουωωιιυ
681 156 730 233 ρ’.

89 299 110 389 ἡ
135 307 268 370 ΑΒΓΔ
291 301 389 388 βάσις
410 300 494 390 πρὸς
517 300 580 388 τὴν
603 309 754 371 ΕΖΗΘ·
782 299 851 371 ὑπὸ
874 299 940 389 γάρ
962 299 1000 369 τὸ
1026 296 1105 368 αὐτὸ

90 408 179 489 ὕψος
206 409 293 476 είσὶν
323 411 358 477 οί
379 410 458 494 ΑΞ,
486 416 556 476 ΕΣ
574 407 763 496 κύλινδροι·
791 407 838 489 ὡς
860 409 898 477 δὲ
921 405 941 476 ὁ
964 413 1034 476 ΕΟ
1054 405 1107 474 κύ·

89 519 226 603 λινδρος
253 512 335 602 πρὸς
362 514 423 583 τὸν
446 522 528 601 ΕΣ,
557 513 663 595 οὕτως
689 514 727 584 τὸ
750 522 835 585 ΜΝ
852 513 941 597 ὕψος
963 511 1050 602 πρὸς
1069 511 1106 581 τὸ

89 628 169 688 ΠΝ
195 619 295 703 ὕψος·
329 620 347 690 ὁ
381 621 444 710 γὰρ
471 629 538 689 ΕΟ
569 621 749 710 κύλινδρος
783 624 925 713 ἐπιπέδῳ
952 621 1108 708 τέτμηται

55 744 72 794 ο
90 726 291 818 παραλλήλῳ
316 725 390 794 ὄντι
408 740 478 807 τοῖς
496 725 699 796 ἀπεναντίον
719 728 895 806 ἐπιπέδοις.
931 731 1025 795 ἔστιν
1043 724 1109 815 άρα

89 833 145 901 καὶ
181 831 227 913 ὥς
257 831 278 920 ἡ
311 838 446 900 ΑΒΓΔ
482 833 580 917 βάσις
615 857 700 921 προς
730 832 792 920 τὴν
825 839 964 900 ΕΖΗΘ
994 831 1108 918 βάσιν,

90 937 198 1020 οὕτως
219 937 258 1007 τὸ
283 945 366 1006 ΜΝ
383 937 471 1019 ὕψος
493 938 577 1027 πρὸς
599 938 637 1008 τὸ
662 947 742 1007 ΠΝ
764 938 859 1021 ὕψος.
909 948 987 1008 ίσον
1011 938 1049 1006 δὲ
1071 936 1108 1006 τδ

90 1053 171 1114 ΠΝ
201 1043 287 1126 ὕψος
318 1049 363 1136 τῷ
397 1051 462 1111 ΚΑ
493 1043 585 1127 ὕψει·
623 1050 715 1115 ἔστιν
747 1044 814 1136 ἄρα
845 1044 890 1127 ὡς
921 1043 942 1132 ἡ
976 1050 1109 1113 ΑΒΓΔ

90 1152 189 1239 βάσις
214 1149 298 1239 πρὸς
324 1150 386 1238 τὴν
410 1158 545 1220 ΕΖΗΘ
572 1150 690 1239 βάσιν,
722 1150 829 1234 οὕτως
854 1150 893 1221 τὸ
915 1159 1001 1220 ΜΝ
1023 1150 1110 1232 ὕψος

38 1275 73 1324 10
91 1256 175 1343 πρὸς
204 1256 244 1326 τὸ
272 1264 336 1325 ΚΑ
367 1256 463 1340 ὕψος.
515 1262 584 1326 τῶν
616 1258 682 1343 ἄρα
710 1262 789 1343 ΑΞ,
821 1265 886 1327 ΕΟ
916 1263 1108 1346 κυλίνδρων

90 1362 380 1433 ἀντιπεπόνθασιν
403 1368 441 1432 αί
460 1365 575 1452 βάσεις
597 1378 668 1446 τοϊς
689 1364 820 1447 ὕψεσιν.

155 1468 253 1539 Ἀλλὰ
281 1468 323 1556 δὴ
351 1475 420 1539 τῶν
447 1474 527 1556 ΑΞ,
557 1479 620 1538 ΕΟ
647 1477 840 1560 κυλίνδρων
867 1468 1106 1541 ἀντιπεπονθέ-

90 1597 202 1647 τωσαν
225 1580 264 1645 αλ
283 1576 397 1663 βάσεις
419 1589 489 1657 τοϊς
511 1575 649 1664 ὕψεσιν,
677 1579 733 1646 καὶ
755 1582 838 1648 ἔστω
862 1575 909 1658 ὥς
930 1575 952 1665 ἡ
976 1584 1108 1647 ΑΒΓΔ

91 1684 189 1771 βάσις
214 1684 298 1773 πρὸς
325 1681 388 1770 τὴν
412 1689 547 1751 ΕΖΗΘ
574 1683 694 1771 βάσιν,
723 1682 828 1764 οὕτως
853 1683 892 1752 τὸ
915 1691 998 1752 ΜΝ
1022 1683 1110 1767 ὕψος

39 1806 73 1856 15
91 1789 175 1879 πρὸς
196 1789 234 1858 τὸ
255 1797 290 1858 Κ
294 1797 325 1856 Λ
347 1787 447 1870 ὕψος·
471 1790 572 1875 λέγω,
597 1787 649 1857 ὅτι
673 1798 745 1870 ίσος
763 1790 854 1861 ἐστὶν
873 1789 892 1859 ὁ
912 1793 980 1867 ΑΞ
996 1790 1108 1859 κύλιν-

92 1901 172 1986 δρος
194 1907 240 1990 τῷ
264 1904 329 1964 ΕΟ
350 1900 529 1987 κυλίνδρῳ.

162 2011 238 2073 Τῶν
265 2003 331 2091 γὰρ
355 2001 467 2070 αὐτῶν
490 2004 831 2072 κατασκευασθέντων
855 2004 928 2071 έπεί
949 2005 1041 2072 ἐστιν
1066 2001 1109 2084 ὡς

92 2106 112 2194 ἡ
141 2115 276 2176 ΑΒΓΔ
301 2109 399 2196 βάσις
427 2108 511 2196 πρὸς
537 2135 599 2196 την
628 2116 763 2176 ΕΖΗΘ
790 2109 903 2195 βάσιν,
936 2107 1045 2190 οὕτως
1071 2108 1120 2207 τὸἵ

92 2221 175 2282 ΜΝ
197 2213 285 2296 ὕψος
311 2215 396 2303 πρὸς
421 2214 460 2282 τὸ
483 2222 548 2282 ΚΑ
575 2214 676 2301 ὕψος,
706 2223 783 2284 ίσον
810 2216 847 2284 δὲ
873 2215 911 2283 τὸ
936 2223 1001 2283 ΚΑ
1024 2215 1110 2298 ὕψος

40 2323 138 2410 νοτῷ
168 2327 246 2385 ΠΝ
274 2318 368 2404 ὕψει,
401 2327 491 2388 ἔστιν
525 2321 591 2409 άρα
619 2319 663 2402 οὕς
690 2319 711 2408 ἡ
740 2328 874 2390 ΑΒΓΔ
900 2321 999 2407 βάσις
1025 2321 1110 2412 πρὸς

92 2424 156 2510 τὴν
179 2432 316 2494 ΕΖΗΘ
338 2425 451 2510 βάσιν,
475 2425 582 2506 οὕτως
603 2427 637 2495 τί
666 2435 749 2495 ΜΝ
767 2426 854 2510 ὕψος
876 2426 960 2516 πρὸς
982 2426 1021 2496 τὸ
1041 2434 1113 2496 ΠΝ

92 2530 188 2612 ὕψος.
226 2531 299 2599 ἀλλ’
326 2529 371 2611 ὡς
394 2531 455 2619 μὲν
478 2529 648 2619 ἡΑΒΓΔ
670 2535 767 2621 βάσις
789 2533 873 2618 πρὸς
894 2532 958 2620 τὴν
972 2541 1110 2602 ΕΖΗΘ

93 2637 210 2724 βάσιν,
239 2635 347 2718 οὕτως
370 2636 388 2707 ὁ
411 2642 479 2717 ΑΞ
502 2641 683 2728 κύλινδρος
712 2639 796 2728 πρὸς
822 2639 883 2708 τὸν
906 2646 976 2707 ΕΣ
996 2641 1109 2708 κύλιν-

94 2747 191 2832 δρον·
220 2741 286 2812 ὑπὸ
315 2744 380 2834 γάρ
407 2744 445 2814 τὸ
474 2744 558 2813 αὐτὸ
586 2745 673 2827 ὕψος
700 2750 799 2815 είσίν·
830 2743 875 2826 ὡς
903 2744 941 2813 δὲ
967 2745 1007 2814 τὸ
1030 2751 1114 2815 ΜΝ

39 2867 74 2914 25
92 2847 179 2929 ὕψος
205 2849 289 2937 πρὸς
319 2851 357 2918 τὸ
386 2859 465 2919 ΠΝ
495 2851 622 2936 [ὕψος],
656 2850 763 2932 οὕτως
792 2850 810 2918 ὁ
838 2859 904 2919 ΕΟ
929 2851 1110 2941 κύλινδρος

92 2954 176 3044 πρὸς
198 2955 260 3023 τὸν
283 2964 351 3024 ΕΣ
370 2957 568 3047 κύλινδρον·
597 2964 687 3027 ἔστιν
710 2957 776 3046 άρα
800 2955 844 3038 ὡς
868 2955 885 3026 ὁ
909 2959 978 3034 ΑΞ
997 2958 1109 3026 κύλιν-

167 3211 191 3261 1.
210 3208 328 3261 ΕΖΗΘ
346 3202 428 3275 βασι
412 3206 505 3262 ν.Βῦ
567 3213 591 3262 3.
613 3203 885 3290 ΕΣκύλρνδονΝ
949 3211 974 3260 4.
994 3208 1111 3277 HMB,

93 3276 210 3331 MHV.
292 3276 361 3332 Post
379 3272 426 3331 έπι
427 3276 504 3349 πέδῳ
523 3277 588 3332 add.
607 3298 646 3351 τῳ
667 3280 725 3332 ΤΣ
740 3277 762 3331 P
780 3296 816 3331 m.
838 3283 991 3344 Beoorrq
1012 3278 1112 3333 eadem

93 3347 181 3402 uerba
197 3350 264 3416 post
281 3346 416 3435 τέτμηται
432 3332 497 3403 hab'.
516 3348 590 3404 Vet
607 3365 643 3404 m.
664 3349 730 3404 213.
820 3353 845 3406 6.
864 3349 931 3420 καί]
950 3364 1005 3405 om.
1024 3349 1110 3418 BVq

147 3416 249 3548 βάσιρ]
265 3416 357 3492 βάσιν,
376 3419 425 3473 sed
444 3435 512 3474 corr
532 3437 569 3474 m.
591 3425 615 3487 1,
634 3420 664 3474 P.
720 3424 745 3474 7.
765 3419 905 3474 nMBv.
960 3415 1006 3490 τό]
1026 3436 1112 3506 supra

86 3489 147 3543 add
173 3511 196 3544 ω
324 3495 349 3549 8.
370 3493 440 3547 ΠΜ
455 3489 517 3547 BV.
585 3497 612 3546 9.
631 3487 801 3564 (mamm
820 3484 1110 3558 BVq.12.o’tud
