2340 3818
64 113 130 180 304
438 114 639 168 ΣΤΟΙΧΕΙΩΝ
658 109 708 181 ιγ’.

63 263 135 343 ΒΓ,
170 254 276 335 οὕτως
307 253 345 324 τὸ
374 253 438 322 άπὸ
467 258 524 340 τῆς
551 262 616 321 ΑΒ
644 252 728 341 πρὸς
754 251 791 322 τὸ
820 251 885 322 άπὸ
914 265 975 341 τῆς
1004 261 1079 341 ΒΔ,

62 367 258 452 τριπλάσιον
290 365 356 450 ἄρα
387 361 425 429 τὸ
460 358 525 429 άπὸ
558 365 616 448 τῆς
646 368 711 428 ΑΒ
738 372 799 428 τοῦ
826 358 893 429 άπὸ
922 365 984 447 τῆς
1011 369 1080 428 ΒΛ.

64 473 199 557 ἐδείχθη
224 470 261 538 δὲ
284 469 339 538 καὶ
362 467 400 537 τὸ
425 465 491 536 άπὸ
514 473 573 554 της
590 475 666 535 HK
680 471 743 535 τού
762 464 828 535 άπὸ
847 471 908 554 τῆς
924 473 998 535 ΚΕ
1015 493 1081 554 τρι-

62 576 214 644 πλάσιον.
259 576 314 643 καὶ
341 588 445 642 κεῖται
469 582 524 660 ίση
548 571 569 660 ἡ
593 581 663 642 ΚΕ
682 578 723 663 τῇ
748 580 827 640 ΛΒ·
854 581 911 660 ίση
936 570 1007 662 ἄρα
1027 573 1080 640 καί

28 706 43 752 ο
63 680 83 769 ἡ
102 689 176 750 ΚΗ
192 687 231 772 τῇ
251 690 324 750 ΑΒ.
365 687 425 750 καί
444 678 573 769 ἐστινὴ
595 687 660 748 ΑΒ
678 684 736 766 τῆς
754 684 915 765 δοθείσης
934 684 1081 769 σφαίρας

63 788 251 877 διάμετρος·
281 789 337 856 καὶ
364 786 385 875 ίχ
409 794 485 856 ΚΗ
509 786 575 875 άρα
598 796 653 874 ίση
683 786 752 855 έστλ
774 797 813 876 τῇ
837 790 896 872 τῆς
919 790 1082 874 δοθείσης

63 900 207 982 σφαίρας
231 896 405 986 διαμέτρῳ.

134 1007 180 1089 Τῇ
206 1005 345 1088 δοθείση
369 999 436 1087 άρα
455 1005 582 1091 σφαίρᾳ
600 1005 826 1087 περιείληπται
845 997 863 1066 ὁ
882 998 1004 1085 κύβος·
1027 1001 1082 1068 καὶ

63 1108 369 1193 συναποδέδεικται,
389 1104 441 1175 ὅτι
459 1104 479 1192 ἡ
499 1119 558 1193 τῆς
577 1109 722 1194 σφαίρας
740 1105 916 1193 διάμετρος
935 1105 1082 1193 δυνάμει

11 1236 43 1284 10
61 1219 265 1299 τριπλασίων
281 1215 348 1282 ἐστὶ
364 1220 422 1303 τῆς
434 1217 495 1282 τού
505 1213 611 1299 κύβου
621 1216 777 1300 πλευρᾶς·
793 1212 873 1299 ὅπερ
884 1215 955 1279 ἔδει
966 1215 1083 1294 δεῖξαι.

541 1461 596 1533 ις’.

128 1585 402 1673 Εἰκοσάεδρον
422 1584 699 1673 συστήσασθαι
718 1586 782 1653 καὶ
802 1577 952 1676 σφαίρᾳ
972 1610 1083 1676 περι·
1169 1607 1170 1643 1

60 1696 213 1781 λαβεῖν,
232 1684 253 1779 ᾖ
273 1693 336 1760 καὶ
355 1689 399 1759 τά
419 1693 687 1779 προειρημένα
702 1690 893 1779 σχήματα,
913 1692 982 1759 καὶ
1003 1697 1082 1761 δεῖ·

62 1800 137 1884 ξαι,
158 1798 218 1867 ὅτι
237 1797 257 1885 η
277 1803 346 1866 τού
366 1801 631 1885 είκοσαέδρου
645 1795 794 1886 πλευρὰ
808 1796 956 1885 άλογός
971 1801 1081 1868 ἐστιν

10 1928 41 1976 15
61 1903 81 1990 ἡ
104 1907 331 1992 καλουμένη
355 1904 533 1973 ἐλάττων.

124 2011 304 2080 Ἐκκείσθω
337 2009 357 2098 η
391 2016 449 2097 της
482 2016 641 2097 δοθείσης
674 2017 818 2099 σφαίρας
849 2010 1032 2102 διάμετρος
1058 2011 1079 2100 ἡ
1168 2089 1170 2093 ,

60 2126 126 2185 ΑΒ
154 2118 210 2183 καὶ
236 2118 411 2204 τετμήσθω
442 2116 525 2186 κατὰ
552 2116 590 2186 τὸ
614 2124 646 2186 Γ
669 2119 753 2193 ὥστε
780 2123 967 2207 τετραπλῆν
991 2116 1077 2188 εἶναι
1163 2102 1170 2122 ¹

59 2221 121 2308 την
149 2228 219 2289 ΑΓ
240 2228 299 2308 τῆς
327 2231 404 2309 ΓΒ,
436 2224 491 2291 καί
523 2223 709 2312 γεγράφθω
743 2225 795 2291 ἐπὶ
822 2229 881 2312 τῆς
908 2232 977 2293 ΑΒ
1003 2223 1077 2313 ἡμι-

59 2329 197 2397 κύκλιον
221 2327 257 2395 τὸ
282 2336 397 2413 ΑΛΒ,
420 2330 475 2396 καὶ
498 2327 593 2416 ἤχθω
617 2327 682 2398 άπὸ
706 2335 766 2398 τοῦ
789 2336 822 2398 Γ
840 2335 880 2419 τῇ
903 2340 971 2399 AB
995 2329 1077 2419 πρὸς
1166 2322 1170 2331 ’

7 2457 41 2506 20
61 2434 168 2522 ὀρθὰς
191 2440 315 2520 γωνίας
338 2434 455 2503 εὐθεῖα
477 2433 610 2525 γραμμὴ
634 2434 654 2522 ἡ
675 2442 751 2523 ΓΔ,
774 2438 829 2505 καὶ
847 2437 1036 2527 ἐπεζεύχθω
1055 2435 1075 2525 ἡ

61 2549 142 2627 ΛΒ,
170 2542 225 2608 καὶ
249 2544 410 2610 ἐκκείσθω
434 2542 555 2622 κύκλος
578 2541 596 2611 ὁ
621 2551 811 2631 ΕΖΗΘΚ,
840 2537 881 2615 ού
908 2544 930 2633 ἡ
955 2549 992 2615 έκ
1014 2549 1076 2616 τοῦ

58 2650 199 2736 κέντρου
227 2656 282 2734 ίση
312 2653 394 2716 ἔστω
422 2659 461 2735 τῇ
492 2657 573 2737 ΑΒ,
607 2651 662 2718 καὶ
690 2652 912 2740 ἐγγεγράφθω
940 2658 989 2735 εἰς
1015 2655 1074 2724 τὸν

59 2761 233 2821 ΕΖΗΘΚ
254 2754 378 2822 κύκλον
401 2753 617 2840 πεντάγωνον
645 2757 847 2846 ἰσόπλευρόν
869 2785 904 2827 τε
926 2762 983 2829 καὶ
1007 2765 1074 2830 ίσο-

58 2858 186 2944 γωνιον
210 2861 246 2926 τὸ
272 2866 460 2945 ΕΖΗΘΚ,
488 2861 543 2928 καὶ
566 2862 808 2950 τετμήσθωσαν
832 2869 870 2933 αί
889 2873 967 2953 ΕΖ,
991 2875 1074 2956 ΖΗ,

7 2986 40 3034 25
61 2974 99 3033 Η
104 2974 155 3048 Θ,
176 2973 255 3050 ΘΚ,
282 2972 352 3033 ΚΕ
372 2969 579 3055 περιφέρειαι
603 2973 680 3058 δίχα
701 2966 784 3038 κατὰ
806 2969 847 3039 τὰ
869 2979 917 3058 Λ,
945 2980 1000 3060 Μ,
1025 2981 1075 3060 Ν,

58 3075 101 3157 Ξ,
132 3079 160 3138 0
184 3086 316 3159 σημεῖα,
344 3073 398 3140 καὶ
423 3073 673 3161 ἐπεζεύχθωσαν
697 3080 734 3144 αλ
755 3084 845 3164 ΛΜ,
872 3085 967 3167 ΜΝ,
991 3083 1074 3166 ΝΞ,

58 3181 135 3262 ΞΟ,
161 3185 235 3262 ΟΛ,
260 3185 331 3245 ΕΟ.
369 3178 570 3267 ἰσόπλευρον
588 3179 653 3268 ἄρα
672 3183 741 3251 ἐστὶ
759 3183 871 3252 καὶτὸ
892 3191 1075 3264 ΛΜΝΞΟ

131 3380 154 3428 1.
175 3374 243 3445 ΒΓ]
273 3389 341 3428 corr.
361 3390 395 3428 ex
413 3378 468 3428 ΒΚ
485 3392 521 3427 m.
542 3379 556 3427 1
577 3374 606 3431 B.
716 3383 740 3434 θ.
759 3380 929 3446 τριπλασίων
947 3381 979 3451 Ρ,
1002 3399 1074 3439 corr.

46 3462 84 3499 m.
107 3451 130 3500 1.
208 3451 234 3502 4.
257 3445 324 3522 ΔΒ]
345 3451 395 3502 ΑΒ
416 3462 487 3504 corr.
505 3447 538 3502 'm
556 3450 603 3500 ΒΔ
618 3445 664 3516 B,
681 3452 729 3501 AB
746 3465 902 3517 mmm.
920 3457 943 3504 Δ
962 3470 1000 3508 ιιι
1020 3455 1074 3523 1b,
