2340 3818
104 227 170 293 292
480 230 682 284 Συοιπωωιω
699 224 750 299 ιγ’.

168 369 403 457 Ἐκβεβλήσθω
436 366 501 457 γὰρ
535 368 585 438 ἐπ’
619 367 756 451 εὐθείας
786 374 826 460 τῇ
855 376 923 438 ΚΘ
955 367 1118 456 εύθεταή

105 485 186 563 ΘΛ,
213 477 268 544 καὶ
296 481 421 543 κείσθω
448 480 489 563 τῇ
513 482 574 543 ΓΒ
602 484 658 563 ίση
685 474 707 564 ή
731 483 804 544 ΘΛ.
849 477 904 544 καὶ
934 477 1008 544 ἐπεί
1035 477 1120 544 ἐστιν

105 578 150 662 ὡς
173 579 193 667 ή
216 587 287 648 AF
304 580 389 670 πρὸς
411 579 473 668 τήν
497 587 578 666 ΓΔ,
603 579 710 664 οὕτως
732 580 753 669 ή
773 588 836 650 ΓΛ
857 580 942 670 πρὸς
965 579 1029 668 τήν
1050 587 1120 665 ΓΒ,

105 696 161 772 ίση
191 687 228 755 δέ
255 685 276 774 ἡ
305 688 367 774 μὲν
389 694 460 756 AF
483 691 524 775 πή
547 694 629 773 ΚΘ,
656 687 677 775 ή
706 682 744 755 δέ
767 693 834 755 ΓΔ
860 698 900 776 τῇ
929 695 1009 774 ΘΕ,
1039 685 1060 774 ἡ
1087 687 1120 756 δὲ

71 800 167 862 5FB
200 798 240 882 τῇ
274 799 353 875 ΘΛ,
387 797 478 861 ἔστιν
510 791 577 882 ἄρα
608 792 654 874 ὡς
686 792 707 881 ή
739 801 806 862 ΚΘ
836 792 920 882 πρὸς
951 793 1017 880 τήν
1049 801 1120 880 ΘΕ,

106 898 213 979 οὕτως
239 897 260 986 ή
289 907 352 967 ΕΘ
378 899 462 987 πρὸς
489 898 553 986 τήν
581 906 659 968 ΘΛ·
690 897 729 968 τὸ
758 898 824 987 ἄρα
850 897 915 968 ὑπὸ
944 904 1016 968 τῶν
1045 908 1119 986 ΚΘ,

106 1013 171 1073 ΘΛ
194 1014 271 1073 ἴσον
295 1005 363 1073 ἐστὶ
384 1015 431 1097 τῷ
457 1001 521 1073 ιἰπὸ
545 1009 605 1092 τῆς
627 1012 698 1074 ΕΘ.
744 1011 803 1073 καί
824 1007 914 1074 ἐστιν
939 1003 1031 1094 ὀρθή
1055 1007 1120 1086 ἑκα-

105 1114 184 1201 τέρα
210 1123 279 1180 τῶν
303 1108 368 1178 ὑπὸ
391 1118 508 1197 ΚΘΕ,
536 1118 635 1180 ΕΘΛ
658 1115 805 1198 γωνιῶν·
833 1109 870 1180 τὸ
898 1109 965 1199 ἄρα
990 1113 1046 1181 ἐπὶ
1067 1117 1120 1199 τής

106 1224 171 1284 ΚΛ
194 1215 412 1303 γραφόμενον
435 1217 634 1304 ἡμικύκλιον
657 1215 728 1305 ήξει
745 1218 802 1285 καὶ
822 1216 879 1285 διὰ
898 1221 960 1285 τού
974 1226 1010 1286 Ε
1031 1220 1119 1303 [ἐπει-

55 1345 88 1394 10
108 1326 212 1410 δήπερ
236 1320 296 1390 ἐὰν
320 1322 537 1410 ἐπιζεύξωμεν
559 1322 621 1410 τήν
644 1331 724 1410 ΕΛ,
749 1322 839 1412 ὀρθή
862 1328 990 1409 γίνεται
1015 1322 1037 1412 ή
1060 1322 1119 1392 ύπδ

106 1436 213 1498 ΛΕΚ
243 1435 348 1514 γωνία
385 1426 441 1497 διὰ
474 1428 510 1497 τὸ
544 1431 725 1516 ἰσογώνιον
762 1435 921 1516 γίνεσθαι
955 1428 996 1498 τὸ
1025 1437 1121 1498 ΕΛΚ

106 1540 273 1620 τρίγωνον
297 1536 439 1626 ἑκατέρῳ
462 1539 531 1603 των
555 1543 664 1623 ΕΛΘ,
693 1542 799 1604 ΕΘΚ
820 1535 1021 1625 τριγωνων].
1067 1537 1120 1605 ἐὰν

107 1639 150 1727 δὴ
179 1641 347 1728 μενούσης
372 1645 431 1728 ιής
454 1649 519 1708 ΚΛ
546 1641 761 1730 περιενεχθὲν
788 1641 826 1710 τὸ
855 1639 1058 1729 ἡμικύκλιον
1081 1646 1121 1721 εἰς

106 1746 144 1815 τὸ
170 1744 251 1815 αύτὸ
274 1746 376 1816 πάλιν
400 1745 676 1836 ἀποκατασταθῇ,
700 1745 785 1817 ὅθεν
804 1745 926 1835 ήρξατο
946 1749 1120 1835 φέρεσθαι,

57 1876 89 1924 15
107 1852 177 1940 ήξει
199 1853 255 1920 καὶ
280 1852 335 1920 διὰ
359 1865 428 1922 τῶν
452 1861 496 1939 Ζ,
519 1861 554 1921 H
577 1859 724 1940 σημείων
748 1855 1036 1940 ἐπιζευγνυμένων
1060 1858 1122 1922 τῶν

109 1965 188 2045 ΖΛ,
212 1965 287 2025 ΛΗ
305 1960 361 2026 καὶ
383 1957 499 2047 ὀρθῶν
520 1957 642 2046 ὁμοίως
660 1961 848 2047 γινομένων
866 1963 935 2027 τῶν
953 1959 1041 2047 πρὸς
1059 1973 1124 2039 τοῖς

109 2074 152 2152 Ζ,
179 2073 215 2132 H
241 2069 388 2152 γωνιῶν·
420 2065 476 2131 καί
509 2069 600 2133 ἔσται
627 2063 649 2152 ή
676 2066 822 2153 πυραμὶς
850 2071 978 2156 σφαίρᾳ
1006 2090 1125 2154 περιει-

108 2173 258 2258 λημμένη
286 2175 325 2260 τή
355 2176 505 2260 δοθείση.
555 2168 576 2259 ή
604 2171 668 2258 γὰρ
696 2178 732 2238 Κ
736 2178 766 2238 Λ
798 2182 857 2258 τής
884 2176 1032 2257 σφαίρας
1062 2171 1126 2239 διά-

109 2302 228 2363 μετρος
258 2286 313 2363 ίση
327 2278 410 2346 -ἐστὶ
438 2281 477 2366 τῇ
506 2287 565 2364 τής
597 2282 756 2364 δοθείσης
787 2282 932 2364 σφαίρας
960 2278 1125 2368 διαμέτρῳ

57 2406 91 2455 20
108 2387 148 2470 πή
173 2391 253 2467 AB,
281 2383 456 2470 ἐπειδήπερ
485 2388 524 2472 τῇ
548 2383 610 2470 μὲν
632 2390 702 2451 AF
725 2392 780 2470 ίση
803 2397 908 2452 κεῖται
930 2382 951 2468 ή
975 2390 1061 2469 ΚΘ,
1091 2387 1126 2472 νή

111 2490 148 2555 οι
171 2494 233 2556 ΓΒ
256 2487 276 2574 ἡ
301 2496 369 2555 οΛ.
1162 2566 1164 2573 ,

177 2595 273 2679 Λέγω
308 2595 366 2680 δή,
399 2592 451 2662 ὅτι
478 2593 499 2681 ή
527 2607 586 2682 τής
613 2600 757 2683 σφαίρας
785 2595 960 2683 διάμετρος
990 2592 1127 2682 ἡμιολία
1162 2608 1164 2627 “

111 2700 180 2768 ἐστὶ
205 2699 347 2786 δυνάμει
369 2705 428 2787 τής
450 2709 596 2789 πλευρᾶς
618 2706 677 2788 τής
699 2705 894 2788 πυραμίδος.

175 2804 264 2874 Ἐπεὶ
287 2806 352 2895 γὰρ
377 2811 476 2893 διπλή
501 2811 591 2875 ἐστιν
614 2807 635 2895 ή
654 2814 724 2875 AF
742 2811 801 2894 τής
820 2813 896 2892 ΓΒ,
918 2811 1039 2894 τριπλῆ
1065 2807 1129 2897 ἄρα

58 2934 92 2983 25
112 2913 201 2980 ἐστὶν
225 2911 245 2999 ή
265 2921 331 2980 ΑΒ
354 2918 412 2999 τής
430 2919 504 2981 BF·
528 2911 773 3001 ἀναστρέψαντι
796 2910 932 3000 ήμιοίία
951 2911 1016 2999 ἄρα
1039 2914 1130 2982 έστὶν

111 3016 132 3104 ή
158 3026 220 3086 BA
247 3023 305 3106 τῆς
328 3026 401 3087 ΑΓ.
448 3017 493 3100 ὡς
521 3020 558 3088 δὲ
588 3018 608 3106 ή
632 3026 695 3087 BA
721 3017 806 3108 πρὸς
832 3016 894 3106 τήν
916 3025 992 3104 ΑΓ,
1022 3019 1130 3100 οὕτως

111 3123 150 3193 τὸ
175 3124 239 3193 ἀπὸ
263 3137 322 3212 τής
339 3132 401 3193 BA
423 3124 506 3213 πρὸς
528 3124 565 3194 ιδ
590 3123 655 3194 ἀπὸ
679 3130 739 3211 τής
756 3135 823 3193 ΑΛ
848 3124 1039 3213 [ἐπειδήπερ
1065 3130 1130 3195 ἐπι-

114 3233 334 3318 ζευγνυμένης
356 3236 415 3317 τής
438 3241 504 3300 ΛΒ
529 3235 619 3300 ἐστιν
649 3228 695 3312 οδς
717 3229 737 3318 ή
762 3238 828 3298 BA
850 3229 934 3319 πρὸς
955 3229 1017 3316 τήν
1042 3241 1130 3318 ΑΔ,

114 3335 220 3416 οὕτως
247 3335 267 3422 ή
296 3346 362 3404 ΔΑ
389 3337 472 3425 πρὸς
499 3337 561 3424 τήν
584 3344 654 3405 AF
678 3335 733 3405 διδι
761 3337 823 3425 τήν
851 3335 1034 3423 ὁμοιότητα
1063 3343 1131 3408 τῶν

185 3504 208 3553 1.
230 3498 276 3571 τῇ]
298 3496 408 3570 scn'psi3
429 3498 478 3568 τῆς
496 3496 632 3565 PBVbq.
744 3503 770 3552 2.
791 3497 857 3569 ΘΛ]
876 3512 1031 3566 suprascr.
1052 3505 1076 3553 A
1095 3518 1130 3554 m.

100 3570 163 3626 lb,
243 3568 389 3629 ἐκκείσθω
405 3589 433 3643 q.
508 3564 797 3640 §.ammom
865 3569 1056 3624 &Autem
1076 3571 1128 3626 del.
