2340 3818
99 150 163 214 106
470 150 673 202 Σεοιιιιιαεα
692 147 743 204 ια’.

96 290 187 360 οὕτω
214 294 252 360 τὸ
281 289 346 359 άπὸ
374 295 433 376 τῆς
460 289 592 378 πρώτης
619 292 754 374 στερεὸν
782 291 1118 374 παραλληλεπίπεδον

98 399 180 486 πρὸς
203 399 240 466 τὸ
263 395 328 466 άπὸ
350 400 410 483 τῆς
433 398 588 482 δευτέρας
610 397 648 464 τὸ
672 396 792 481 ὅμοιον
814 395 870 461 καί
895 391 1017 480 ὁμοίως
1036 391 1117 460 άνα-

99 503 331 592 γραφόμενον,
356 506 486 590 ἐπείπερ
509 503 565 570 καί
589 500 609 588 ἡ
634 500 746 590 πρῶτη
770 503 853 588 πρὸς
875 502 936 588 τὴν
954 500 1118 588 τετάρτην

98 616 317 698 τριπλασίονα
340 608 444 694 λόγον
467 613 533 696 ἔχει
557 608 640 695 ἤπερ
663 610 746 693 πρὸς
767 609 829 694 τὴν
853 608 1022 695 δευτέραν.

66 882 83 931 ε
575 855 640 924 ιδ’.

170 986 254 1048 Τῶν
273 991 370 1049 ίσων
389 984 559 1069 στερεῶν
581 981 987 1069 παραλληλεπιπέδων
1006 977 1121 1046 άντι-

98 1089 346 1157 πεπόνθασιν
370 1089 412 1153 αί
427 1086 564 1172 βάσεις
586 1101 670 1166 τοῖς
692 1085 850 1167 ὕψεσιν·
873 1075 1011 1152 καλῶν
1033 1105 1121 1154 στε-

99 1198 202 1279 ρεῶν
243 1195 649 1282 παραλληλεπιπέδων
686 1191 1036 1260 ἀντιπεπόνθασιν
1079 1195 1123 1259 αί

98 1298 236 1385 βάσεις
257 1313 341 1378 τοῖς
363 1297 522 1385 ὕψεσιν,
546 1308 611 1366 ίσα
635 1299 744 1367 ἐστὶν
768 1301 908 1366 ἐκεῖνα.

42 1427 78 1477 10
157 1404 265 1472 Ἔστω
295 1413 350 1473 λ’σα
378 1408 494 1494 στερεά
520 1408 831 1491 παραλληλεπίπεδα
858 1404 898 1472 τά
922 1412 1003 1489 ΑΒ,
1036 1410 1121 1472 ΓΔ·

98 1512 200 1597 λέγω,
230 1512 281 1579 ὅτι
308 1516 377 1579 τῶν
401 1519 480 1592 ΑΒ,
509 1519 576 1579 ΓΛ
604 1514 747 1600 στερεῶν
774 1511 1120 1599 παραλληλεπιπέδων

98 1617 389 1686 ἀντιπεπόνθασιν
417 1621 455 1684 αί
478 1617 592 1702 βάσεις
618 1629 689 1696 τοῖς
711 1613 848 1702 ὕψεσιν,
876 1621 935 1683 καί
955 1618 1047 1684 ἐστιν
1074 1613 1121 1696 ῶς

98 1722 119 1809 ἡ
144 1731 208 1792 ΕΘ
230 1723 328 1808 βάσις
349 1726 433 1811 πρὸς
454 1724 516 1809 τὴν
540 1729 617 1789 ΝΠ
636 1721 747 1807 βάσιν,
772 1719 879 1801 οὕτως
900 1720 939 1790 τὸ
962 1725 1025 1788 τοῦ
1049 1729 1121 1789 ΓΛ

99 1834 236 1918 στερεοῦ
259 1828 346 1910 ὕψος
368 1830 450 1916 πρὸς
472 1829 510 1896 τὸ
532 1829 593 1894 τοῦ
617 1835 682 1895 ΑΒ
706 1832 843 1914 στερεοῦ
866 1825 963 1907 ὕψος.

44 1957 80 2005 ’15
156 1935 331 2003 Ἔστωσαν
362 1936 425 2020 γὰρ
458 1932 624 2021 πρότερον
656 1935 693 1998 αί
724 1935 936 2018 ἐφεστηκυῖαι
965 1936 1003 2000 αί
1029 1941 1120 2020 ΑΗ,

99 2050 177 2126 ΕΖ,
197 2049 277 2126 ΛΒ,
297 2046 378 2126 ΘΚ,
411 2047 499 2127 ΓΜ,
518 2043 600 2126 ΝΞ,
622 2046 704 2124 ΟΛ,
723 2048 760 2106 Π
768 2047 798 2107 Ρ
815 2039 900 2124 πρὸς
920 2038 1027 2126 ὀρθάς
1045 2055 1122 2120 ταῖς

98 2147 239 2232 βάσεσιν
263 2145 389 2215 αὐτῶν·
412 2148 508 2232 λέγω,
533 2144 584 2213 ὅτι
608 2146 699 2213 ἐστὶν
722 2143 767 2225 ῶς
790 2144 809 2231 ἡ
831 2152 894 2213 ΕΘ
917 2145 1015 2231 βάσις
1033 2150 1122 2236 πρὸς

98 2280 161 2338 την
186 2259 263 2319 ΝΠ
282 2253 399 2338 βάσιν,
423 2251 529 2331 οὕτως
553 2250 571 2337 ἡ
597 2259 675 2319 ΓΜ
692 2253 775 2338 πρὸς
798 2254 859 2339 τὴν
883 2261 961 2320 ΑΗ.

166 2362 211 2425 El
233 2357 295 2443 μὲν
319 2350 382 2425 οὖν
406 2366 461 2444 ίση
486 2357 577 2424 ἐστὶν
599 2354 620 2442 ἡ
645 2364 708 2424 ΕΘ
730 2357 827 2443 βάσις
850 2363 889 2447 τῇ
909 2367 983 2427 ΝΠ
1006 2359 1119 2447 βάσει,

42 2485 82 2534 20
101 2470 170 2532 ἔστι
194 2463 232 2532 δὲ
254 2465 310 2531 καλ
328 2462 366 2531 τὸ
381 2470 446 2531 AB
469 2459 605 2549 στερεὸν
628 2466 673 2552 τῷ
689 2470 750 2530 ΓΔ
769 2469 891 2556 στερεῷ
911 2473 998 2550 ίσον,
1023 2472 1121 2534 ἔσται

98 2571 154 2637 καὶ
182 2569 202 2656 ἡ
227 2577 301 2637 ΓΜ
325 2573 365 2656 τῇ
390 2576 465 2637 ΑΗ
489 2575 554 2652 ίση.
603 2566 643 2634 τά
672 2567 735 2655 γάρ
763 2568 830 2637 ὑπὸ
861 2572 898 2638 τὸ
921 2568 1003 2638 αὐτὸ
1028 2570 1120 2654 ὕψος

99 2675 215 2764 στερεά
238 2677 551 2763 παραλληλεπίπεδα
573 2673 657 2760 πρὸς
679 2672 806 2761 άλληλά
830 2677 919 2744 ἐστιν
939 2674 983 2757 ῶς
1002 2680 1040 2744 αί
1056 2679 1120 2764 βά-

172 2913 195 2960 1.
216 2901 305 2968 οὕτως
323 2904 407 2961 Fvb.
461 2909 667 2974 παραλληλοεπ.
686 2905 719 2959 V.
775 2910 799 2958 3.
819 2901 973 2975 ἐπειδήπερ
991 2905 1055 2961 BV.

98 2984 123 3032 5.
143 2983 157 3032 λ
177 2995 234 3045 seq.
254 2993 308 3031 ras.
329 2982 344 3030 1
363 2975 419 3031 litt.
438 2975 468 3030 F.
560 2981 584 3031 7.
603 2970 756 3044 ὕψεσιἯ)
776 2977 879 3044 etseq.
898 2991 951 3031 ras.
971 2983 987 3030 3
1006 2977 1062 3033 litt
1086 3000 1118 3050 φ.

172 3054 212 3102 12.
233 3041 320 3116 ὕψεσι
339 3045 422 3102 FVb.
497 3053 538 3101 16.
558 3047 621 3118 ΑΒ]
641 3052 665 3101 Λ
683 3062 699 3100 ε
718 3062 788 3101 corr.
807 3047 837 3100 B.
903 3046 971 3118 ΘΚ]
992 3065 1062 3106 corr.
1085 3069 1120 3107 ex

100 3122 213 3206 (ὕμνοι.
235 3124 250 3172 1
269 3119 295 3174 b.
356 3117 433 3188 ΓΜ]
453 3134 607 3200 εαραοεοτ.
626 3119 659 3171 Ν
674 3136 710 3172 m.
731 3122 745 3170 1
764 3117 790 3173 b.
843 3123 893 3200 βλ.
912 3117 1010 3190 βάσεσι
1028 3121 1088 3176 b..

97 3189 321 3314 ιηααα·
361 3194 453 3330 ια
471 3188 640 3328 ιιιατ
657 3192 679 3242 1¹
897 3191 1119 3349 ωειλ,

98 3348 153 3386 om.
173 3330 239 3397 BV3
263 3330 327 3386 hab.
346 3329 392 3384 Pb
412 3332 440 3384 et
458 3330 571 3384 fuerunt
588 3330 617 3384 in
636 3330 668 3400 F,
691 3330 740 3384 sed
758 3328 830 3384 mhi]
849 3331 978 3385 relictum
997 3336 1042 3387 est
1061 3336 1121 3391 niel

99 3421 130 3456 το
144 3414 219 3467 νψος
233 3420 321 3468 στερε,
340 3401 441 3470 quibus
460 3401 523 3457 add.
543 3421 579 3469 φι
599 3420 645 3455 -ον
663 3407 722 3464 τοῖς
740 3394 826 3469 ὕψεσι
845 3401 955 3456 omissis
974 3404 1070 3460 uerbis
1092 3406 1122 3462 εί

92 3470 152 3540 γάρ
167 3505 201 3513 -
221 3468 314 3527 νάσῶν
331 3491 360 3542 p.
382 3477 441 3539 108,
462 3477 486 3525 1.
