2340 3818
86 149 154 215 410
477 151 660 213 APPENDIX
678 152 714 204 IL

87 290 287 376 πολύγωνον
320 290 357 358 τὸ
391 297 488 359 ΑΓΒ
499 296 670 359 ΤΓΓΔΦ
701 291 846 378 πυραμίς
882 288 1027 376 ίσουιγὴς
1060 293 1108 383 τῷ

86 396 195 489 κῶνῳ.
233 400 306 465 ἐπεί
326 400 417 466 ἐστιν
435 395 480 477 ῶς
497 395 535 465 τὸ
554 393 618 465 άπὸ
637 400 696 482 τῆς
710 402 774 463 ΒΔ
792 395 1003 482 τετράγωνον
1021 397 1108 483 πρὸς
1124 384 1133 412 ³

87 503 124 572 τὸ
150 501 216 572 άπὸ
240 508 299 591 τῆς
323 510 385 570 ΖΘ
407 502 630 590 τετράγωνον,
654 499 761 581 οὕτως
784 501 802 570 6
826 507 963 569 ΑΒΓΔ
984 504 1108 582 κύκλος

88 607 171 697 πρὸς
197 607 258 675 τὸν
281 615 417 676 ΕΖΗΘ
443 607 582 694 κύκλον,
611 608 696 676 άλλά
724 608 791 696 μὴν
818 607 873 675 καί
903 605 948 686 ῶς
974 609 1013 676 τὸ
1041 605 1108 676 άπὸ

87 717 146 801 τῆς
163 721 228 781 ΒΔ
250 713 460 803 τετράγωνον
483 712 568 802 πρδς
584 713 622 783 τὸ
643 712 707 783 άπὸ
727 717 786 801 τῆς
804 720 864 781 ΖΘ
882 714 1109 800 τετράγωνον,

89 817 196 898 οὕτως
209 824 246 888 τὸ
257 827 484 889 ΑΣΒΠΓΔΦ
497 821 698 907 πολύγωνον
711 820 794 907 πρὸς
807 822 844 887 τὸ
859 822 1114 895 ΕΞΖΟΗΠΘΡ

88 928 298 1012 πολύγωνον,
318 924 363 1005 ῶς
381 925 447 1013 άρα
466 925 484 995 6
500 932 633 994 ΑΒΓΔ
650 925 770 1005 κύκλος
787 923 871 1012 πρὸς
888 925 950 994 τὸν
969 933 1112 995 ΕΖΗΘ

87 1033 223 1118 κύκλον,
248 1033 354 1112 οὕτως
376 1030 413 1101 τὸ
433 1040 535 1100 ΑΣΒ
546 1038 676 1101 ΤΓΓΔ
683 1038 715 1098 Φ
737 1029 938 1117 πολύγωνον
960 1029 1048 1120 πρὸς
1070 1031 1111 1100 τὸ

89 1141 366 1215 ΕΞΖΟΗΠΘΡ
388 1139 596 1225 πολύγωνον.
647 1135 721 1206 ἀλλ’
756 1135 800 1218 ῶς
832 1136 894 1223 μὲν
922 1133 940 1205 6
970 1145 1112 1207 ΑΒΓΔ

88 1245 209 1325 κύκλος
231 1242 316 1332 πρὸς
339 1244 399 1313 τὸν
418 1252 554 1313 ΕΖΗΘ
575 1243 712 1330 κύκλον,
736 1241 843 1322 οὕτως
862 1240 880 1311 6
896 1249 1113 1312 ΑΒΓΔΚΛ

88 1354 197 1429 κῶνος
224 1349 308 1437 πρὸς
334 1349 372 1419 τὸ
396 1360 428 1419 Α
452 1351 603 1438 στερεόν,
631 1348 677 1429 ῶς
699 1350 737 1419 δὲ
759 1352 797 1418 τὸ
822 1356 923 1417 ΑΣΒ
934 1356 1072 1418 ΤΓΓΔ
1080 1358 1113 1419 Φ

89 1455 289 1540 πολύγωνον
306 1456 391 1544 πρὸς
408 1456 446 1525 τὸ
467 1460 748 1535 ΕΞΖΟΗΠΘΡ
762 1455 974 1542 πολύγωνον,
1001 1454 1113 1537 οὕτως

88 1559 109 1648 ἡ
132 1566 291 1649 πυραμίς,
319 1554 360 1648 ἧς
382 1561 478 1649 βάσις
504 1564 566 1650 μέν
590 1566 658 1631 ἐστι
682 1561 719 1631 τὸ
744 1568 847 1630 ΑΣΒ
856 1567 1031 1629 ΤΓΓΔΦ
1053 1588 1113 1630 πο·

89 1665 259 1753 λύγωνον,
292 1666 398 1747 οὕτως
429 1665 450 1755 ἡ
482 1675 642 1756 πυραμίς,
674 1660 714 1755 ἧς
745 1667 842 1753 βάσις
873 1668 935 1755 μίν
966 1669 1040 1736 ἐστι
1069 1668 1110 1738 τὸ

89 1782 121 1839 Α
128 1779 192 1840 ΣΒ
202 1778 372 1841 ΤΓΓΔΦ
394 1773 605 1861 πολύγωνον,
628 1774 761 1862 κορυφὴ
784 1774 823 1842 δὲ
844 1772 882 1841 τὸ
902 1781 933 1843 Λ
953 1789 1110 1861 σημεῖον,

89 1877 172 1967 πρὸς
216 1883 279 1965 τὴν
324 1885 496 1968 πυραμίδα
536 1879 598 1967 τὴν
634 1880 734 1967 βάσιν
778 1881 839 1968 μὲν
882 1885 1037 1967 ἔχουσαν·
1070 1882 1111 1949 τὸ

88 1988 183 2062 Em
191 1992 365 2054 ΟΗΠΘΡ
381 1986 596 2074 πολύγωνον,
619 1985 774 2074 κορυφὴν
796 1986 833 2055 δὲ
847 1984 887 2055 τὸ
905 1994 943 2054 Ν
956 2001 1111 2073 σημεῖον.

89 2089 135 2170 ῶς
154 2090 218 2180 άρα
237 2090 255 2161 6
276 2098 408 2160 ΑΒΓΔ
414 2100 482 2161 ΚΛ
500 2097 608 2173 κῶνος
626 2092 709 2181 πρὸς
726 2093 763 2161 τὸ
779 2102 812 2161 Α
830 2090 978 2180 στερεόν,
999 2091 1111 2174 οὕτως

89 2196 110 2282 ἡ
133 2204 292 2284 πυραμίς,
315 2191 354 2285 ἦς
372 2199 469 2286 βάσις
487 2200 548 2288 μέν
567 2202 636 2268 ἐστι
654 2200 690 2267 τὸ
707 2205 809 2266 ΑΣΒ
819 2204 991 2266 ΤΓΓΔΦ
1005 2200 1111 2267 πολύ-

89 2329 213 2390 γωνον,
236 2302 368 2392 κορυφὴ
393 2304 430 2373 δὲ
452 2303 489 2373 τὸ
513 2313 544 2374 Α
568 2319 717 2392 σημείου,
741 2305 825 2393 πρὸς
846 2303 908 2392 τὴν
932 2309 1110 2392 πυραμίδα

89 2407 152 2495 τὴν
174 2408 275 2495 βάσιν
298 2411 359 2496 μὲν
379 2416 523 2498 ἔχουσαν
541 2409 578 2480 τὸ
598 2414 693 2489 ΕΞΖ
701 2417 877 2479 ΟΗΠΘΡ
891 2411 1109 2497 πολύγωνον,

88 2512 244 2602 κορυφὴν
273 2515 310 2583 δὲ
332 2514 369 2584 τὸ
392 2523 432 2583 Ν
451 2531 598 2604 σημεῖον.
643 2516 785 2598 ἐναλλάξ
813 2515 878 2605 άρα
902 2516 994 2584 ἐστίν
1018 2516 1067 2598 ῶς
1090 2516 1109 2586 6

89 2627 296 2690 ΑΒΓΔΚΛ
317 2633 426 2703 κῶνος
448 2623 531 2711 πρὸς
554 2623 616 2711 τὴν
638 2627 810 2711 πυραμίδα
833 2622 895 2708 τὴν
917 2623 1020 2708 βάσιν
1045 2622 1108 2709 μὲν

90 2731 233 2813 ἔχουσαν
260 2727 297 2796 τὸ
325 2736 427 2796 ΑΣΒ
438 2735 570 2797 TI'YA
577 2736 608 2797 Φ
634 2729 849 2815 πολύγωνον,
882 2727 1041 2815 κορυφὴν
1071 2727 1109 2796 δὲ

89 2829 127 2899 τὸ
148 2840 178 2899 Δ
198 2847 347 2920 σημεῖον,
368 2832 474 2912 οὕτως
492 2832 530 2902 τὸ
545 2844 577 2901 Α
595 2832 731 2921 στερεόν
750 2833 834 2922 πρὸς
851 2831 913 2920 τὴν
931 2838 1108 2920 πυραμίδα

89 2936 152 3025 τὴν
175 2938 277 3024 βάσιν
299 2939 360 3026 μὲν
379 2945 522 3027 ἔχουσαν
540 2941 577 3007 τὸ
596 2943 879 3017 ΕΞΖΟΗΠΘΡ
892 2937 1108 3024 πολύγωνον,

92 3048 246 3133 κορυφὴν
275 3045 312 3112 δὲ
339 3043 375 3112 τὸ
399 3053 438 3113 Ν
457 3059 604 3132 σημεῖον.
649 3051 768 3132 μείζων
792 3044 829 3113 δὲ
852 3043 870 3112 6
895 3053 926 3112 Α
934 3050 1109 3112 ΒΓΔΚΛ

91 3155 198 3230 κῶνος
238 3154 297 3237 τῆς
337 3155 524 3238 πυραμίδος
559 3155 617 3238 τῆς
653 3151 754 3237 βάσιν
790 3150 851 3238 μὲν
889 3149 1032 3237 ἐχούσης
1070 3152 1108 3217 τὸ

91 3266 122 3323 Α
127 3263 373 3325 ΣΒΤΓΤΔΦ
390 3256 601 3342 πολύγωνον,
619 3255 774 3343 κορυφὴν
793 3256 831 3324 δὲ
849 3254 886 3325 κδ
906 3264 938 3324 Α
956 3267 1111 3342 σημεῖον.

85 3368 202 3450 μεῖζον
225 3361 291 3453 άρα
314 3363 369 3447 καί
388 3361 424 3429 τὸ
440 3371 472 3429 Α
490 3360 626 3450 στερεὸν
645 3372 703 3448 τῆς
721 3366 908 3449 πυραμίδος
928 3365 987 3448 τῆς
1004 3362 1108 3446 βάσιν

59 3471 140 3575 λμίν
168 3472 318 3566 ἐχούσης
345 3470 385 3544 τὸ
413 3472 691 3552 ΕΞΖΟΗΠΘΡ
712 3467 930 3550 πολύγωυου,
948 3467 1107 3552 κορυφὴν
