2340 3818
110 113 175 177 318
483 114 685 168 Σιοιιιιιιςιιι
703 110 752 183 ιγ’.

109 252 292 341 ἰσογώνιόν
316 257 414 323 ἐστιν.
453 246 705 342 ἐπεζεύχθωσαν
722 252 788 342 γὰρ
807 257 845 322 ai
861 262 937 340 PB,
956 263 1037 340 ΣΒ,
1057 262 1114 323 ΦΒ.

108 361 164 429 καὶ
184 361 254 428 ἐπεὶ
273 361 392 429 εὐθεῖα
411 358 432 446 ἡ
447 367 485 428 Ν
489 367 517 427 Ο
536 358 641 448 ἄκρον
660 359 716 429 καὶ
734 362 838 448 μέσον
855 360 960 448 λόγον
974 362 1115 448 τέτμηται

109 466 191 535 κατὰ
215 464 252 536 τὸ
272 473 309 552 Ρ,
331 466 388 534 καὶ
410 465 449 534 τὸ
473 473 586 554 μεῖζον
608 465 720 554 τμῆμά
744 469 835 535 ἐστιν
857 464 878 554 ἡ
899 474 976 553 ΡΟ,
1000 465 1040 534 τδι
1060 464 1116 556 ἄρα

109 570 175 640 ἀπὸ
199 577 268 641 τῶν
293 579 376 658 ΟΝ,
404 579 475 640 NP
497 571 674 660 τριπλάσιά
702 574 772 642 ἐστι
799 578 860 661 τοῦ
888 571 954 641 ἀπὸ
979 577 1038 660 τῆς
1058 580 1117 642 ΡΟ.

73 687 166 766 τῖση
191 679 229 747 δέ
251 676 272 765 ἡ
297 678 359 766 μὲν
384 686 456 747 ΟΝ
474 684 513 768 τῇ
538 686 622 764 ΝΒ,
644 675 666 766 ἡ
690 677 728 747 δέ
752 686 815 746 ΟΡ
830 682 873 773 τῇ
898 687 972 747 ΡΤ·
999 678 1040 747 τὰ
1061 678 1117 766 ἄρα

109 782 174 854 ἀπὸ
198 797 267 854 τῶν
290 793 374 872 ΒΝ,
402 791 473 853 NP
495 783 674 874 τριπλάσιά
702 787 772 853 ἐστι
798 787 859 853 τοῦ
887 781 954 854 ἀπὸ
978 789 1038 874 τῆς
1059 793 1118 853 ΡΤ.

108 907 178 972 τοῖς
202 891 239 959 δέ
262 889 327 960 ἀπὸ
351 895 419 960 τῶν
433 899 517 978 ΒΝ,
536 898 607 959 NP
620 889 658 959 τὸ
683 889 749 959 ἀπὸ
771 895 830 978 τῆς
848 898 913 959 ΒΡ
927 893 1020 960 ἐστιν
1039 900 1118 960 ἴσον·

109 996 146 1066 τὸ
171 996 237 1085 ἄρα
261 994 325 1065 ιἰπὸ
350 1002 409 1083 τῆς
428 1005 492 1065 ΒΡ
505 996 704 1085 τριπλάσιόν
723 997 793 1065 ἐστι
810 1001 873 1064 τοῦ
891 993 958 1064 ἀπὸ
977 1001 1038 1085 τῆς
1055 1004 1118 1064 ΡΤ

109 1101 193 1172 ὥστε
215 1101 256 1170 τὰ
279 1102 344 1172 ἀπὸ
367 1114 436 1173 τῶν
455 1110 531 1188 ΒΡ,
555 1110 619 1171 ΡΤ
637 1104 862 1190 τετραπλάσιά
885 1105 954 1171 ἐστι
976 1107 1040 1172 τοῦ
1062 1100 1118 1170 ἀπὸ

58 1237 91 1286 10
109 1220 168 1295 τῆς
190 1216 259 1276 ΡΨ.
305 1221 376 1288 τοῖς
398 1208 436 1277 δὲ
459 1206 524 1277 τἰπὸ
547 1219 615 1277 τῶν
633 1216 704 1295 ΒΡ,
723 1215 787 1275 ΡΤ
806 1216 884 1277 ἴσον
905 1210 977 1276 ἐστὶ
999 1207 1038 1277 τὸ
1063 1206 1119 1276 ἀπὸ
1164 1294 1166 1305 Ι

108 1320 166 1400 τῆς
188 1323 268 1382 ΒΤ·
296 1314 334 1383 τὸ
359 1313 425 1402 ἅμα
448 1313 512 1382 ἀπὸ
536 1325 596 1402 τῆς
617 1323 684 1383 ΒΤ
707 1313 951 1402 τετραπλάσιόν
975 1303 1046 1383 ἐστι
1067 1317 1120 1383 τοῦ
1164 1316 1166 1325 '

109 1417 173 1489 ιἰπό
200 1424 260 1508 τῆς
285 1428 354 1488 ΤΡ·
386 1423 485 1505 διπλῆ
514 1418 580 1506 ἄρα
608 1422 698 1489 ἐστὶν
724 1418 747 1508 ἡ
769 1429 838 1488 ΒΤ
862 1424 920 1507 τῆς
942 1427 1013 1489 ΡΤ.
1060 1425 1121 1488 ἔστι

109 1526 147 1594 δὲ
169 1527 225 1594 καὶ
247 1523 268 1612 ἡ
290 1533 359 1595 ΦΥ
377 1530 436 1612 τῆς
458 1533 518 1593 ΤΡ
532 1530 653 1614 διπλῆ,
677 1526 853 1615 ἐπειδήπερ
871 1526 927 1594 καὶ
945 1523 968 1613 ἡ
988 1534 1058 1594 ΣΡ
1070 1537 1122 1614 τῆς

111 1638 184 1718 ΟΡ,
207 1634 356 1701 τουτέστι
378 1642 438 1717 τῆς
459 1640 534 1718 ΡΨ,
558 1635 627 1700 ἐστι
650 1636 764 1719 διπλῆ·
789 1641 844 1720 ἴση
867 1631 934 1720 ἄρα
956 1629 979 1719 ἡ
1002 1636 1122 1721 ΒΤτῇ

56 1770 89 1819 15
111 1746 184 1806 ΤΦ.
221 1736 346 1826 ὁμοίως
365 1736 406 1826 δὴ
426 1737 650 1825 δειχθήσεται,
673 1736 724 1806 ὅτι
745 1737 802 1806 παὶ
820 1736 940 1824 ἑκάστη
959 1743 1030 1806 τῶν
1049 1745 1124 1823 ΒΧ,

108 1849 181 1930 ΧΓ,
202 1850 268 1912 ΓΦ
286 1844 425 1934 ἑκατέρῳ
443 1855 511 1912 τῶν
530 1852 609 1929 ΒΤ,
631 1851 696 1911 ΤΦ
714 1847 806 1912 ἐστιν
825 1851 890 1929 ἴση.
923 1843 1124 1930 ἰσόπλευρον

108 1948 173 2038 ἄρα
197 1949 266 2017 ἐστὶ
288 1947 327 2018 τὸ
346 1957 375 2016 Β
383 1956 520 2018 Tm
539 1948 764 2035 πεντάγωνον.
804 1951 890 2035 λέγω
914 1951 972 2036 δή,
998 1949 1052 2018 ὅτι
1073 1951 1126 2018 καὶ

108 2056 144 2122 έν
168 2056 223 2123 ἑνί
243 2057 334 2123 ἐστιν
358 2057 510 2146 ἐπιπέδῳ.
555 2052 653 2141 ἤχθω
675 2053 740 2143 γὰρ
764 2053 913 2124 ἀπὸτοῦ
937 2062 967 2122 Ο
989 2057 1126 2145 ἑκατέρῳ

107 2171 174 2229 τῶν
203 2168 278 2244 ΡΨ,
312 2168 383 2228 ΣΦ
414 2160 625 2249 παράλληλος
657 2162 710 2229 ἐπὶ
739 2161 780 2230 τὰ
811 2160 904 2242 ἐκτὸς
930 2172 992 2230 τοῦ
1019 2162 1127 2249 κύβον

55 2301 89 2349 20
108 2266 190 2350 μέρη
218 2263 240 2350 ἡ
265 2272 353 2351 ΟΨ,
386 2267 442 2333 καὶ
469 2267 722 2354 ἐπεζεύχθωσαν
750 2271 788 2336 αδ
812 2275 895 2352 ΨΘ,
925 2275 1003 2336 ΘΧ·
1030 2271 1126 2355 λε’χω,

109 2369 160 2438 ὅτι
182 2368 203 2457 ἡ
229 2378 338 2438 ΨΘΧ
357 2369 474 2440 εὐθεῖα
499 2375 597 2442 ἐστιν.
633 2375 704 2442 ἐπεὶ
726 2372 791 2461 γὰρ
815 2372 1055 2461 ἡΟΠ.ἃίιρον
1073 2374 1125 2441 καὶ

109 2479 213 2561 μέσον
235 2477 340 2562 λόχον
363 2480 515 2565 τέτμηται
538 2478 679 2548 κατὰτὸ
701 2487 739 2565 Τ,
760 2477 873 2548 καὶτὸ
892 2486 1006 2566 μεῖζον
1024 2477 1127 2566 αὐτῆς

107 2582 218 2668 τμῆμά
247 2584 337 2651 ἐστιν
365 2581 386 2670 ἡ
414 2592 498 2670 ΠΤ,
529 2591 620 2654 ἐστιν
647 2584 713 2673 ἄρα
741 2583 787 2666 ὡς
813 2583 834 2671 ἡ
858 2593 930 2654 ΟΠ
952 2583 1039 2672 πρδς
1066 2584 1126 2672 τὴν

109 2694 193 2773 ΠΤ,
217 2686 325 2770 οἴτως
348 2688 369 2777 ἡ
394 2698 467 2758 ΠΤ
485 2690 568 2778 πρὸς
591 2691 652 2778 την
680 2699 748 2759 ΤΟ.
788 2698 843 2778 ἴση
868 2690 906 2758 δὲ
928 2689 949 2777 ἡ
973 2691 1036 2778 μὲν
1060 2697 1130 2760 ΟΠ

55 2829 89 2878 25
107 2797 147 2880 τῇ
171 2801 249 2879 ΟΟ,
278 2793 299 2881 ἡ
324 2794 361 2863 δὲ
384 2803 458 2863 ΠΤ
476 2797 613 2887 ἑκατέρῳ
636 2807 705 2866 τῶν
731 2804 806 2880 ΤΧ,
832 2803 917 2864 ΟΨ·
946 2802 1037 2866 ἐστιν
1061 2797 1125 2884 ἄρα

107 2895 152 2977 ὡς
174 2896 194 2985 ἡ
219 2907 283 2967 ΟΟ
305 2899 389 2988 πρὸς
411 2901 473 2988 τὴν
498 2910 581 2987 ΟΨ,
606 2900 713 2982 οὕτως
735 2900 756 2988 ἡ
780 2907 848 2969 ΧΤ
866 2899 956 2988 πρὸς,
971 2901 1034 2989 τὴν
1059 2909 1126 2971 ΤΟ.

107 3011 166 3072 καί
187 3008 256 3074 ἐστι
278 3006 489 3095 παράλληλος
511 3005 529 3074 δ
557 3008 619 3094 μὲν
642 3015 706 3075 ΘΟ
727 3012 768 3097 τῇ
794 3014 869 3074 ΤΧ·
899 3009 1037 3097 ἑκατέρα
1062 3009 1124 3094 γὰρ

109 3110 220 3180 αὐτῶν
247 3116 293 3203 τῷ
316 3121 381 3180 ΒΔ
409 3100 550 3203 ἐπιπέδῳ
581 3112 665 3202 πρὸς
693 3112 801 3200 ὀρθάς
823 3115 927 3191 ἐστιν·
955 3111 977 3200 ἡ
1001 3111 1040 3181 δέ
1066 3119 1126 3181 ΤΘ

106 3228 146 3306 τῇ
177 3224 260 3284 ΟΨ
293 3219 431 3306 ἑκατέρα
462 3215 526 3307 γὰρ
560 3217 671 3288 αὐτῶν
702 3223 748 3311 τῷ
776 3226 838 3286 ΒΖ
869 3219 1013 3309 ἐπιπέδῳ
1040 3216 1126 3304 πρὸς

178 3385 204 3433 3.
224 3380 318 3447 μεῖζον
338 3372 426 3445 αὐτῆς
446 3377 477 3431 V'.
569 3379 633 3449 ΡΟ]
652 3378 754 3433 intas,
773 3377 807 3432 V.
892 3373 942 3448 τά]
960 3371 992 3430 τό
1011 3394 1038 3445 q.

101 3455 125 3504 4,
146 3449 223 3523 ΝΡ]
241 3453 300 3505 ΠΡ
315 3449 346 3506 Β.
426 3444 592 3522 τριπλάσιαζ
606 3451 678 3505 nm&⁸
693 3449 728 3502 ἰιι
742 3444 904 3516 τριπλάσιον
923 3466 960 3503 ιιι.
981 3453 1037 3515 lq.
