2340 3818
95 158 159 222 188
469 159 670 211 ετοικειωα
689 154 739 227 ιμ’.
831 178 833 185 ·

94 301 184 367 ἐστιν
207 297 227 386 ή
252 298 289 366 τὸ
313 297 416 386 ήμισυ
438 303 499 366 τοῦ
523 302 718 386 κυλίνδρου,
747 299 921 385 ἐπειδήπερ
943 293 1010 364 κάν
1034 297 1111 383 περὶ

93 405 153 474 τὸν
168 412 301 474 ΑΒΓΔ
314 406 438 475 κύκλου
453 403 664 489 τετράγωνον
678 404 946 492 περιγράψωμεν,
965 403 1005 471 τὸ
1021 406 1111 490 έγγε-

94 513 286 598 γραμμένον
310 516 358 591 εἰς
380 509 440 579 τὸν
463 516 595 578 ΑΒΓΔ
622 509 748 578 κύκλον
771 513 983 598 τετράγωνον
1006 507 1111 595 ήμισῦ

95 621 162 686 ἐστι
186 629 246 686 τοῦ
270 618 592 704 περιγεγραμμένου·
614 623 674 684 καί
689 620 757 685 ἐστι
775 617 814 684 τδι
835 615 893 684 ἀπ’
920 613 1036 684 αὐτῶν
1055 613 1109 684 άν-

58 722 253 809 5ιστάμενα
281 721 396 809 στερεά
424 725 736 808 παραλληλεπίπεδα
767 726 934 808 πρίσματα
967 726 1107 806 ἰσοϋψῆ·

92 827 132 895 τδι
154 829 190 895 δὲ
209 825 274 895 ὑπὸ
293 827 330 895 τὸ
350 825 432 894 αὐτὸ
450 828 538 906 ὕψος
561 825 642 894 ὄντα
661 827 777 914 στερεὰ
796 831 1111 915 παραλληλεπίπεδα

93 932 176 1019 πρὸς
195 931 321 1018 άλληλά
342 935 432 1000 ἐστιν
452 931 497 1011 ὡς
516 934 553 998 αἰ
565 932 692 1017 βάσεις·
709 927 817 1000 καίτδ
832 933 884 1001 ἐπὶ
898 937 960 1000 τοῦ
975 941 1042 1001 ΑΒ
1050 938 1112 1001 ΓΔ

94 1038 158 1123 ἀρα
189 1037 400 1125 τετραγώνου
433 1035 624 1106 ἀνασταθὲν
656 1045 782 1126 πρίσμα
813 1038 918 1125 ήμισά
951 1041 1021 1106 ἐστι
1050 1042 1112 1107 τοῦ

62 1215 65 1222 ,
94 1142 343 1220 ἀνασταθέντος
374 1148 558 1229 πρίσματος
589 1143 654 1212 ἀπὸ
687 1148 748 1212 τοῦ
781 1145 856 1233 περί
885 1147 945 1212 τὸν
975 1151 1111 1213 ΑΒΓΔ

42 1274 75 1320 10
93 1249 218 1318 κύκλον
240 1249 502 1337 περιγραφέντος
524 1249 747 1337 τετραγώνου·
770 1256 830 1317 καί
849 1253 939 1336 ἐστιν
959 1248 977 1319 ὁ
996 1250 1112 1318 κύλιν-

94 1361 174 1444 δρος
201 1356 347 1423 ἐλάττων
373 1359 434 1422 τοῦ
466 1361 649 1443 πρίσματος
676 1365 737 1423 τοῦ
765 1353 1015 1436 ἀνασταθέντος
1045 1355 1111 1425 ἀπὸ

92 1473 154 1531 τοῦ
172 1462 247 1547 περὶ
261 1460 321 1529 τὸν
331 1465 464 1528 ΑΒΓΔ
478 1460 604 1529 κύκλον
613 1462 874 1549 περιγραφέντος
883 1462 1113 1550 τετραγώνου·

92 1570 130 1635 τὸ
155 1566 220 1655 άρα
243 1573 369 1654 πρίσμα
391 1565 428 1635 τὸ
453 1565 647 1634 ἀνασταθὲν
671 1564 736 1634 ἀπὸ
759 1572 820 1636 τοῦ
843 1574 977 1636 ΑΒΓΔ
999 1595 1114 1658 τετρα·

93 1673 206 1760 γώνου
230 1671 367 1753 ἰσοϋψὲς
389 1676 434 1763 τῷ
457 1676 626 1762 κυλίνδρῳ
650 1672 763 1758 μεῖζόν
786 1676 855 1742 ἐστι
880 1678 941 1743 τοῦ
963 1674 1113 1761 ἡμίσεως

45 1802 73 1850 15
91 1785 153 1848 τοῦ
176 1782 367 1866 κυλίνδρου.
412 1777 654 1865 τετμήσθωσαν
677 1780 715 1844 αἰ
735 1786 816 1863 ΑΒ,
841 1785 917 1864 ΒΓ,
941 1785 1019 1866 ΓΔ,
1045 1788 1113 1849 ΔΑ
1153 1856 1155 1861 ⁴

92 1889 300 1973 περιφέρειαι
328 1889 403 1971 δίχα
430 1884 513 1952 κατὰ
540 1883 580 1951 τὰ
609 1890 653 1967 Ε,
682 1890 724 1968 Ζ,
754 1890 804 1970 Η,
832 1892 861 1952 Θ
888 1899 1025 1972 σημεία,
1054 1888 1112 1955 καλ

93 1992 345 2079 ἐπεζεύχθωσαν
363 1994 400 2058 αι
416 1998 498 2073 ΑΕ,
522 1997 600 2074 ιτα,
619 1997 697 2075 ΒΖ,
717 1997 792 2072 ΖΓ,
812 1996 896 2076 ΓΗ,
915 1998 1004 2076 ΗΛ,
1026 2000 1111 2079 Δο,

93 2105 170 2165 ΘΑ·
192 2099 247 2165 καὶ
267 2101 406 2166 ἕκαστον
426 2097 491 2183 άρα
510 2100 578 2164 τών
598 2103 712 2179 ΑΕΒ,
734 2103 849 2181 ΒΖΓ,“
862 2102 984 2182 ΓΗΔ,
1005 2107 1113 2168 ΔΘΑ

91 2203 267 2290 τριγώνων
300 2203 412 2290 μεῖζόν
445 2206 535 2271 ἐστιν
562 2199 583 2288 ή
612 2201 650 2270 τδ
678 2200 782 2288 ήμισν
808 2206 869 2269 τοῦ
897 2203 976 2270 καθ’
1008 2203 1111 2274 ἑαυτὸ

39 2331 74 2379 20
91 2309 259 2395 τμήματος
273 2314 334 2376 τοῦ
345 2315 478 2375 ΑΒΓΔ
491 2309 628 2393 κύκλου,
643 2305 687 2388 ώς
701 2313 893 2394 ἔμπροσθεν
904 2311 1111 2396 ἐδείκνυμεν.

92 2414 261 2483 ἀνεστάτω
281 2412 334 2500 ἐφ’
357 2413 498 2481 ἑκάστου
517 2418 585 2482 τών
600 2422 718 2500 ΑΕΒ,
737 2420 847 2499 ΒΖΓ,
867 2419 984 2500 ΓΗΔ,
1004 2424 1111 2484 ΔΘΑ

91 2521 266 2606 τριγώνων
288 2524 455 2605 πρίσματα
479 2523 604 2606 ίσοϋψή
623 2525 669 2612 τῷ
688 2525 869 2612 κυλίνδρῳ·
892 2522 948 2588 καὶ
967 2522 1111 2591 ἕκαστον

92 2625 157 2711 ἀρα
181 2630 248 2693 τών
272 2621 532 2692 ἀνασταθέντων
554 2625 749 2713 πρισμάτων
772 2625 885 2713 μεῖζόν
909 2629 999 2695 ἐστιν
1023 2623 1045 2714 ή
1071 2627 1110 2698 τδ

92 2733 195 2819 ήμισυ
219 2734 317 2821 μέρος
339 2736 400 2799 τοῦ
423 2730 501 2798 καθ’
528 2731 626 2800 ἑαυτὸ
646 2732 814 2819 τμήματος
831 2737 892 2801 τοῦ
910 2737 1111 2822 κυλίνδρου,

39 2856 72 2904 25
92 2837 268 2924 ἐπειδήπερ
292 2837 352 2906 ἐὰν
375 2835 431 2905 διά
454 2842 522 2904 τών
546 2845 590 2922 Β,
618 2845 660 2922 Ζ,
688 2844 737 2923 Η,
761 2846 790 2906 Θ
813 2844 959 2925 σημείων
981 2849 1111 2928 παραλ-

91 2943 214 3030 λήλους
236 2958 308 3024 ταῖς
330 2951 411 3028 ΑΒ,
435 2950 512 3029 ΒΓ,
537 2949 613 3029 ΓΔ,
638 2953 708 3010 ΔΑ
731 2943 923 3031 ἀγάγωμεν,
947 2947 1002 3014 καὶ
1026 2968 1110 3035 συμ-

91 3049 319 3136 πληρώσωμεν
346 3047 386 3115 τά
415 3049 558 3117 ἐπὶτῶν
583 3057 664 3135 ΑΒ,
692 3056 764 3134 ΒΓ,
792 3055 868 3137 ΓΔ,
897 3059 963 3119 ΔΑ
985 3062 1112 3140 παραλ-

163 3339 186 3384 1.
208 3309 321 3400 ἕστωη.
377 3337 402 3386 4.
422 3328 698 3402 έστι](μτ1οι)ἕσται
717 3351 749 3401 q3
770 3326 844 3386 ἔστιν
863 3333 895 3387 Β.
954 3340 978 3388 5.
1000 3333 1110 3406 ἰσουψῆ

90 3398 190 3468 στερεοί
206 3402 302 3456 Theon
318 3401 426 3471 (BVq).
472 3403 627 3474 πρίσματα]
647 3419 700 3458 om.
720 3421 746 3472 q.
797 3401 914 3475 ἰσουψῆ]
934 3420 989 3461 om.
1009 3407 1113 3464 Theon

78 3471 118 3537 (B
128 3472 190 3541 Vq),
306 3479 329 3528 6.
351 3471 385 3529 δέ
405 3505 437 3515 -
457 3474 738 3546 παραλληλεπίπεδα]
763 3469 819 3544 ἄρα
842 3477 984 3545 πρίσματα
1009 3478 1113 3536 Theon
