2340 3818
115 133 180 199 368
512 135 734 189 mmm
813 110 824 130 ‘

519 308 732 390 Σύνθεσις.

177 432 268 502 Ἐπεὶ
295 424 361 502 οὖν
387 433 628 521 τετραπλάσιόν
656 430 786 502 ἔστιτὸ
814 430 881 501 ἆιιό
905 437 966 520 τῆς
987 439 1055 500 AB
1077 435 1132 501 τοῦ

114 538 178 608 ιἰιιό
201 544 262 626 τῆς
284 548 367 626 AA,
390 538 476 608 ἀλλὰ
500 538 538 608 τὸ
562 537 628 608 ἀπὸ
651 547 714 608 BA
737 537 775 607 τὸ
798 535 865 608 ὑπὸ
884 546 964 626 BA,
982 544 1056 608 AF
1071 541 1133 607 ἐστι

113 645 195 734 μετὰ
221 649 283 714 τοῦ
310 643 377 714 ὑπὸ
402 652 482 731 AB,
511 650 586 731 BF,
614 644 651 714 τὸ
680 643 747 733 ἄρα
769 641 834 714 ὑπὸ
858 652 941 730 BA,
969 651 1041 713 AF
1060 645 1133 732 μετιὶ

80 762 176 821 ὀτοῦ
203 750 269 821 ὑπὸ
298 759 380 838 AB,
412 758 480 820 BF
500 751 744 840 τετραπλάσιόν
774 754 843 822 ἐστι
870 755 933 820 τοῦ
964 749 1033 820 ἀπὸ
1062 749 1133 820 AA.

115 855 201 926 ἀλλὰ
221 858 261 927 τὸ
285 858 348 947 μὲν
370 854 437 926 ὑπὸ
460 862 529 927 τῶν
547 865 628 945 BA,
647 864 717 927 AF
736 866 814 927 ἴσον
837 858 906 926 ἐστὶ
928 867 975 950 τῷ
1001 857 1057 938 δὶς
1074 855 1133 926 ὑπὸ

113 968 183 1031 τῶν
204 972 284 1049 ΔΑ,
308 968 383 1050 AF,
406 961 444 1032 τὸ
469 963 508 1032 δὲ
529 961 596 1033 ὑπὸ
619 967 687 1033 τῶν
707 970 788 1051 AB,
810 968 878 1031 BF
895 970 976 1032 ἴσον
1000 963 1073 1031 ἐστὶ
1093 989 1132 1031 τι

115 1067 181 1138 ἀπὸ
204 1073 264 1157 τῆς
286 1076 365 1138 AF·
393 1069 430 1138 τὸ
455 1067 521 1157 ἄρα
544 1066 611 1139 ἀπὸ
635 1073 694 1157 τῆς
716 1074 786 1138 AF
804 1066 885 1157 μετὰ
906 1071 970 1137 τοῦ
996 1071 1053 1150 δὶς
1073 1067 1132 1138 ὑπὸ

114 1178 183 1244 τῶν
211 1182 296 1262 AA,
325 1183 395 1245 AF
417 1175 659 1263 τετραπλάσιόν
687 1179 757 1246 ἐστι
783 1180 847 1244 τοῦ
873 1172 939 1244 οάιὸ
967 1179 1032 1262 τῆς
1059 1184 1132 1244 ΔΑ·

64 1301 97 1351 10
117 1278 200 1349 ὥστε
231 1280 272 1348 τὰ
300 1279 365 1350 ἀπὸ
394 1285 463 1351 τῶν
489 1289 591 1368 AA,·
606 1289 676 1352 AF
698 1281 779 1370 μετὰ
802 1292 864 1350 τοῦ
893 1280 947 1361 δὶς
973 1278 1046 1350 ὑπὸ
1073 1285 1131 1351 τῶν

117 1396 207 1473 ΔΑ,
230 1394 301 1456 AF
319 1387 546 1457 πενταπλάσια
570 1390 640 1457 ἐστι
662 1398 724 1457 τοῦ
748 1385 814 1457 ἀτιὸ
836 1397 895 1475 τῆς
919 1394 997 1457 AA.
1039 1386 1080 1456 τὰ
1101 1386 1129 1456 62

116 1491 182 1561 ιἰιιὸ
210 1503 279 1561 τῶν
303 1503 384 1579 ΔΑ,
411 1500 482 1562 AF
504 1499 585 1582 μετὰ
615 1505 678 1563 τοῦ
701 1495 754 1575 δὶς
781 1492 846 1564 ὑπὸ
869 1503 938 1563 τῶν
962 1503 1049 1583 AA,
1076 1499 1131 1562 ΑΓ
1163 1518 1166 1567 l

116 1597 149 1666 τὲ
181 1597 247 1667 ἆιιό
277 1609 337 1685 τῆς
360 1604 423 1667 ΓΔ
450 1601 549 1669 ἐστιν.
595 1600 633 1668 τὸ
662 1599 729 1689 ἄρα
757 1599 822 1669 &ab
848 1610 908 1688 τῆς
932 1605 997 1669 ΓΔ
1025 1625 1128 1670 ιιενια·

116 1704 261 1775 αλασιόν
285 1708 354 1774 ἐστι
376 1716 438 1775 τοῦ
461 1703 527 1775 ἀπὸ
551 1716 610 1794 τῆς
632 1714 721 1798 ΔΑῆ
736 1704 819 1794 ὅπερ
841 1710 911 1775 ἔδει
934 1709 1052 1790 δεῖξαι.

66 1918 99 1967 15
122 1906 199 1969 Τοῦ
222 1906 244 1988 β
267 1899 529 1988 θεωρήματος
551 1898 573 1987 ἡ
597 1899 792 1981 ἀνάλυσις
813 1902 878 1969 καὶ
900 1898 922 1987 ἡ
942 1899 1128 1980 σύνθεσις

437 2003 535 2075 ἄνευ
556 2017 820 2094 καταγραφῆς.

184 2144 316 2215 Εὐθεῖα
343 2148 408 2236 γάρ
436 2174 485 2227 τις
512 2145 533 2235 ἡ
557 2153 620 2215 ΓΔ
646 2147 815 2235 τμήματος
842 2149 963 2236 ἑαυτῆς
986 2153 1048 2218 τοῦ
1072 2152 1127 2217 ΔΑ

119 2251 365 2322 πενταπλάσιον
390 2252 569 2341 δυνάσθω,
595 2257 653 2340 τῆς
683 2255 722 2322 δὲ
746 2264 812 2341 ΔΑ
839 2259 942 2343 διπλῇ
965 2250 1128 2339 neimo}

117 2364 197 2425 AB·
221 2359 318 2445 λέγω,
341 2358 393 2428 ὅτι
416 2361 437 2448 ἡ
453 2368 518 2429 AB
542 2359 648 2448 ἄκρον
666 2360 722 2427 καὶ
740 2361 844 2447 μέσον
863 2360 969 2448 λόγον
983 2363 1128 2449 τέτμηται

67 2483 101 2531 20
119 2460 202 2530 κατὰ
225 2463 263 2531 τὸ
284 2470 317 2531 Γ
335 2478 485 2554 σημεῖον,
507 2467 564 2535 καὶ
586 2463 624 2534 τὸ
648 2472 761 2552 μεῖξον
778 2466 891 2554 τμῆμά
911 2469 1005 2537 ἔστιν
1022 2464 1046 2555 ἡ
1065 2470 1129 2552 ΑΓ,

119 2567 190 2656 ἥτις
214 2570 283 2637 ἐστὶ
305 2568 343 2639 τὸ
367 2570 487 2640 λοιπὸν
511 2572 610 2661 μέρος
632 2574 690 2657 τῆς
714 2572 747 2652 ἐξ
770 2569 875 2660 ἀρχῆς
897 2568 1048 2653 εὐθείας.

183 2674 273 2744 Ἐπεὶ
296 2673 317 2762 ἡ
336 2684 402 2745 AB
426 2679 532 2764 ἄκρον
554 2678 610 2745 καὶ
634 2677 738 2763 μέσον
761 2675 865 2764 λόγον
883 2678 1042 2766 τέτμηται
1060 2675 1132 2747 κατὰ

119 2781 156 2850 τὸ
180 2788 219 2868 Γ,
242 2783 297 2849 καὶ
319 2779 358 2849 τὸ
383 2788 494 2869 μεῖζον
517 2780 629 2869 τμῆμά
653 2784 743 2850 ἐστιν
768 2779 787 2869 ἡ
812 2788 892 2868 AF,
920 2782 958 2850 τὸ
984 2781 1054 2870 ἄρα
1077 2780 1131 2853 ὑπὸ

119 2889 187 2955 τῶν
212 2892 314 2954 ΑΒΓ
334 2895 410 2955 ἴσον
429 2889 498 2956 ἐστὶ
520 2892 566 2980 τῷ
590 2886 655 2956 ἀπὸ
680 2899 739 2976 τῆς
757 2893 830 2956 AF.
868 2893 938 2955 ἔστι
962 2889 1001 2957 δὲ
1024 2891 1083 2957 καὶ
1103 2887 1132 2958 τὸ

68 3012 101 3061 25
121 2989 185 3059 ὑπὸ
210 2995 277 3060 τῶν
296 2999 399 3061 ΒΑΓ
418 2997 463 3086 τῷ
487 2994 539 3073 δὶς
562 2992 628 3062 ὑπὸ
647 2998 716 3063 τῶν
736 3003 818 3081 ΔΑ,
841 3000 911 3063 AF
925 3003 1016 3064 ἴσον·
1043 2998 1134 3082 διπλῆ

120 3097 184 3186 γάρ
209 3099 300 3165 ἐστιν
323 3096 344 3185 ἡ
369 3107 432 3166 BA
453 3103 512 3187 τῆς
534 3108 614 3167 AA·
637 3099 676 3168 τὸ
699 3098 766 3189 ἄρα
788 3097 855 3169 ὑπὸ
879 3104 947 3169 τῶν
972 3111 1057 3191 AB,
1082 3105 1137 3172 ΒΓ

120 3203 201 3290 μετὰ
228 3208 289 3272 τοί
318 3202 384 3273 ὑπὸ
413 3217 481 3274 τῶν
505 3212 582 3294 BA,
610 3212 691 3293 AF,
720 3204 801 3299 ὅπερ
830 3206 898 3274 ἐστὶ
926 3206 959 3275 τί
996 3207 1065 3278 ἀπὸ
1088 3212 1138 3296 τῆς
1164 3200 1166 3283 ἓ

192 3404 217 3454 2.
239 3404 288 3453 BA
308 3399 370 3470 BV,
389 3396 468 3453 B''A'
487 3401 515 3456 b.
602 3407 627 3455 3.
647 3396 723 3455 eam
743 3401 773 3457 Β.
867 3406 908 3455 11.
928 3401 1138 3460 πειιιιαιιιιι
1164 3388 1166 3455 Ξ

63 3540 74 3575 ι
121 3468 175 3541 Vq.
263 3476 303 3529 13.
325 3467 416 3546 ἐστιν]
436 3467 731 3544 ἐοιιἾο,οοιομο.
804 3476 845 3527 14.
865 3467 935 3542 ὅπερ
955 3471 1018 3531 ἔδει
1038 3477 1140 3548 δεῖξαι]
