2340 3818
105 154 168 220 186
471 155 672 208 Συοιιιιιαειι
691 151 742 226 ιβ’.

102 301 162 364 καί
177 298 245 364 ἐστι
267 298 329 363 τοῦ
352 297 413 382 μὲν
427 301 585 363 ΒΗΜΛ
607 297 704 362 ἕκτον
728 295 827 381 μέρος
848 293 870 380 ἡ
894 299 1039 361 ΑΒΓΗ
1056 315 1117 359 πν-

103 406 216 488 ραμίς,
238 405 300 469 τοῦ
324 400 362 469 δὲ
383 407 522 469 ΕΘΠΟ
543 401 875 489 παραλληλεπιπέδου
898 400 996 501 ἕκτον
1018 398 1118 485 μέρος

103 506 123 595 ἡ
153 515 287 575 ΔΕΖΘ
319 513 474 594 πυραμίς·
508 515 562 594 ίση
596 507 661 594 άρα
690 504 710 593 ἡ
739 511 880 575 ΑΒΓΗ
902 504 1051 589 πυραμὶς
1076 507 1116 591 τῇ

104 622 239 682 ΔΕΖΘ
261 617 431 700 πυραμίδι.

66 742 84 789 5
173 724 248 788 Τῶν
277 718 342 805 άρα
370 727 453 787 ἴσων
481 724 678 806 πυραμίδων
708 721 764 786 καὶ
791 716 977 806 τριγώνους
1004 714 1117 801 βάσεις

103 828 252 912 ἐχουσῶν
279 823 569 893 ἀντιπεπόνθασιν
598 828 635 892 αί
661 823 776 911 βάσεις
800 837 870 903 τοῖς
896 823 1034 903 ὕψεσιν·
1063 822 1117 889 καί

103 923 152 1000 ῶν
175 935 372 1018 πυραμίδων
394 930 581 1018 τριγώνους
607 930 723 1016 βάσεις
745 933 895 1018 ἐχουσῶν
919 927 1118 996 ἀντιπεπόν-

103 1046 207 1105 θασιν
231 1039 268 1103 αί
289 1035 403 1121 βάσεις
425 1050 495 1117 τοῖς
517 1037 650 1121 ὕψεσιν,
673 1043 743 1104 ἴσαι
766 1035 852 1104 είσλν
872 1037 1009 1102 ἐκεῖναι·
1035 1033 1117 1121 ὅπερ

104 1147 171 1210 ἔδει
195 1143 309 1222 δεῖξαι.
607 1230 615 1253 Ι

50 1253 85 1299 10
590 1257 626 1297 ι.

171 1344 255 1414 Πᾶς
272 1339 398 1416 κῶνος
416 1336 637 1423 κυλίνδρου
654 1341 789 1424 τρίτον
808 1335 927 1420 μέρος
945 1335 1030 1402 ἐστὶ
1049 1338 1119 1402 τοῦ

103 1441 176 1529 τὴν
200 1438 326 1527 αὐτὴν
349 1440 467 1526 βάσιν
491 1446 650 1528 ἔχοντος
674 1438 779 1533 αύτῷ
806 1441 870 1507 καί
892 1440 993 1521 ὕψος
1017 1447 1121 1508 ίσον.

167 1544 284 1635 Ἐχέτω
312 1544 377 1632 γάρ
405 1551 513 1627 κῶνος
539 1551 707 1638 κυλίνδρῳ
731 1546 831 1633 βάσιν
861 1573 896 1614 τε
918 1545 981 1632 τὴν
1009 1542 1123 1632 αὐτὴν

52 1779 84 1828 15
99 1764 159 1827 τοῦ
182 1763 367 1846 κυλίνδρου
390 1766 503 1847 τρίτον
526 1758 594 1827 ἐστί
618 1760 729 1847 μέρος,
750 1758 921 1826 τουτέστιν
945 1757 997 1825 ὅτι
1022 1757 1124 1826 δκύ-

105 1870 239 1953 λινδρος
260 1870 322 1933 τοῦ
344 1865 457 1933 κῶνον
478 1871 683 1952 τριπλασίων
706 1867 805 1933 ἐστίν.

169 1976 214 2038 Ec
240 1970 305 2060 γάρ
333 1970 378 2058 μή
407 1973 498 2039 ἐστιν
521 1970 539 2040 ὁ
563 1968 742 2058 κύλινδρος
764 1973 825 2038 τοῦ
847 1968 961 2038 κῶνου
982 1978 1122 2057 τριπλα-

103 2084 202 2161 σίων,
236 2083 327 2145 ἔσται
356 2078 373 2146 ὁ
402 2077 582 2166 κύλινδρος
608 2087 671 2145 τοῦ
699 2075 813 2144 κῶνου
840 2075 913 2163 ἤτοι
947 2081 1071 2162 μείζων
1099 2073 1120 2163 ἢ

102 2189 306 2268 τριπλασίων
329 2181 350 2270 ἢ
375 2184 527 2251 ἐλάσσων
549 2180 571 2270 ἢ
594 2187 807 2271 τριπλασίων.
844 2187 926 2249 ἕσσω
950 2180 1119 2270 πρότερον

46 2307 84 2358 20
103 2294 223 2374 μείζων
246 2286 266 2375 ἢ
285 2294 501 2374 τριπλασίων,
524 2289 579 2356 καὶ
600 2287 819 2376 ἐγγεγράφθω
839 2292 886 2368 είς
904 2286 963 2355 τὸν
982 2293 1120 2356 ΑΒΓΔ

104 2394 227 2462 κύκλον
242 2396 459 2487 τετράγωνον
486 2391 525 2461 τὸ
548 2401 693 2461 ΑΒΓΔ·
720 2392 759 2461 τὸ
783 2392 825 2480 δὴ
849 2399 983 2461 ΑΒΓΔ
1006 2393 1119 2482 τετρά·

103 2526 215 2584 γωνου
243 2497 355 2585 μεῖζόν
384 2501 474 2566 ἐστιν
502 2495 522 2585 ἢ
550 2497 588 2567 τὸ
612 2501 716 2586 ἥμισυ
737 2509 798 2568 τοῦ
821 2504 959 2566 ΑΒΓΔ
981 2497 1118 2568 κύκλου.

103 2604 158 2670 καί
191 2601 360 2671 άνεστάτω
393 2600 457 2670 άπὸ
490 2608 552 2672 τοῦ
581 2612 716 2672 ΑΒΓΔ
746 2603 959 2690 τετραγώνου
990 2610 1118 2692 πρίσμα

102 2709 242 2789 ι’σούιβδς
255 2719 300 2799 τῷ
314 2704 491 2801 κυλίνδρῳ.
514 2709 552 2778 τὸ
568 2709 610 2796 δὴ
625 2707 849 2797 άνιστάμενον
863 2715 989 2797 πρίσμα
1003 2709 1118 2797 μεῖζόν

176 2907 199 2956 1.
220 2898 294 2956 ἔστιν
313 2902 370 2957 PB.
431 2910 455 2961 3.
476 2905 520 2973 ἴση
541 2900 597 2973 ἄρα
616 2899 646 2974 ἡ]
671 2899 764 2972 ἡάρα
785 2904 870 2972 BVq.
932 2909 958 2958 4.
977 2905 1119 2975 πυραμίδι

102 2975 148 3040 ι”ση
170 2969 245 3027 ἐστίν
263 2973 348 3042 BVq.
449 2981 472 3029 6.
493 2969 579 3043 ύψεσι
597 2993 623 3044 q.
724 2981 749 3031 7.
768 2976 939 3045 -μίδωντρι-
957 2974 987 3028 in
1006 2991 1061 3030 ras.
1083 2994 1119 3031 m.

103 3061 158 3098 reo.
177 3043 211 3099 V.
284 3049 309 3097 8.
329 3048 376 3098 ι”σα
396 3039 471 3098 ἐστίν
492 3041 588 3099 ἐκεῖνα
607 3045 637 3100 Ρ.
710 3051 734 3101 9.
754 3043 813 3100 ἔδει
832 3045 939 3116 δεῖξαι]
957 3045 987 3099 in
1006 3062 1062 3102 m.
1081 3065 1121 3101 m.

104 3132 158 3169 rec.
177 3113 209 3168 V.
285 3121 326 3168 14.
345 3115 472 3169 ΑΒΓΡ.
545 3111 574 3187 δ]
595 3133 649 3171 om.
669 3134 696 3184 q.
770 3123 811 3172 15.
831 3113 915 3186 μέρος
934 3112 996 3172 ίστί
1010 3115 1046 3171 V.

103 3181 133 3255 ὁ]
154 3200 207 3238 om.
227 3202 253 3253 q.
346 3191 386 3239 16.
406 3181 569 3254 τριπλάσιον
590 3187 618 3253 Ρ,
636 3203 706 3240 corr.
725 3205 761 3241 m.
781 3193 805 3240 2.
896 3184 975 3241 ἔσται
992 3185 1026 3240 Β.

107 3262 147 3308 17.
169 3254 197 3309 εἰ
219 3287 251 3294 -
278 3260 318 3308 18.
338 3254 427 3326 ἔσται]
447 3273 501 3310 om.
520 3257 551 3324 Β,
570 3274 625 3326 mg.
645 3257 711 3311 add.
731 3276 766 3313 m.
787 3264 816 3310 2:
837 3255 864 3311 εί
880 3257 933 3342 γάρ
953 3260 1123 3327 -μείζων,

102 3326 203 3379 deletis
223 3326 315 3380 uerbis
334 3322 349 3380 ὁ
369 3323 516 3395 κύλινδρος
534 3327 583 3380 τοῦ
603 3321 704 3382 κῶνον.
797 3335 838 3383 17.
857 3347 894 3412 μη
913 3325 968 3397 γάρ
987 3327 1017 3382 P.

106 3402 146 3450 19.
167 3392 289 3451 ἐλάττων
308 3395 340 3452 V.
427 3403 462 3451 20
489 3395 645 3467 γεγράφθω
665 3415 691 3466 q.
777 3405 819 3452 21.
839 3417 871 3452 το
890 3397 1012 3469 ΑΒΓΔ]
1033 3417 1125 3468 supra

95 3485 131 3522 112,
155 3469 220 3522 213.
298 3473 339 3525 23.
361 3469 425 3542 καί]
447 3485 501 3524 om.
520 3485 547 3538 q.
619 3474 662 3524 24.
681 3465 874 3540 άνεσταμένον
892 3467 1008 3537 PBVq.
