2340 3818
110 123 176 187 400
500 124 684 176 APPENDIX
700 126 735 176 IL

109 269 148 353 τῇ
173 270 308 331 ΕΖΗΘ
330 268 502 351 πυραμίδι,
525 270 584 338 καί
605 267 673 331 ἐστι
696 268 755 350 τῆς
778 263 839 350 μὲν
863 271 993 332 ΑΒΓΔ
1014 289 1093 349 πυρα·

109 376 207 458 μίδος
231 369 429 451 ἑξαπλάσιον
451 368 489 438 τὸ
508 377 657 437 ΒΔΜΛ
681 370 828 459 στερεόν,
849 375 910 458 τῆς
932 372 969 439 δὲ
989 377 1095 439 ΕΖΗΘ

110 476 310 557 ἑξαπλάσιον
323 479 360 544 τὸ
378 483 500 543 ΖΘΡΟ
513 475 660 565 στερεόν,
676 485 752 546 ίσον
767 475 833 563 ἄρα
844 477 912 545 ἐστὶ
926 476 964 545 τὸ
977 482 1096 545 ΒΔΜλ

110 581 245 669 στερεὸν
277 587 322 674 τῷ
354 589 480 649 ΖΘΡΟ
513 587 642 674 στερεῷ.
693 586 760 651 τάν
793 583 831 651 δὲ
864 592 948 652 ίσων
980 586 1097 671 στερεῶν

109 688 448 776 παραλληλεπιπέδων
494 685 782 757 ἀντιπεπόνθασιν
828 694 866 758 αἱ
904 689 1015 775 βάσεις
1048 701 1099 766 τοῖς

109 793 244 874 ὕψεσιν·
278 799 368 863 ἔστιν
400 793 466 882 άρα
498 793 543 873 ὡς
574 793 595 881 ἡ
627 802 705 862 ΒΜ
731 795 829 882 βάσις
860 795 945 883 πρὸς
975 794 1033 883 τὴν
1060 799 1103 861 ΖΡ

111 899 227 985 βάσιν,
252 899 357 980 οὕτως
380 899 416 968 τὸ
440 911 502 968 τοῦ
528 908 652 969 ΟΡΘΖ
675 912 812 988 στερεοῦ
835 899 932 982 ὕψος.
975 901 1018 981 ὡς
1039 895 1101 984 δδὴ

110 1013 189 1073 ΒΜ
206 1005 303 1091 βάσις
325 1004 408 1090 πρὸς
430 1005 493 1091 τὴν
518 1014 580 1074 ΖΡ
598 1008 709 1092 βάσιν,
733 1005 839 1088 οὕτως
862 1006 883 1094 ἡ
906 1014 1012 1076 ΑΒΓ
1028 1005 1104 1093 βάσις

110 1111 193 1200 πρὸς
219 1110 280 1198 τὴν
304 1119 411 1179 ΕΖΗ
433 1112 542 1198 βάσιν.
590 1111 634 1191 ὡς
661 1112 726 1200 άρα
750 1111 771 1200 ἡ
795 1120 897 1182 ΑΒΓ
921 1113 1017 1199 βάσις
1038 1111 1104 1199 πρὸς

109 1216 171 1304 τὴν
194 1225 302 1285 ΕΖΗ
319 1218 435 1305 βάσιν,
460 1218 565 1299 οὕτως
587 1219 625 1288 τὸ
648 1223 708 1288 τοῦ
729 1227 854 1287 ΟΡΘΖ
878 1223 1015 1307 στερεοῦ
1037 1217 1107 1298 ὕψος

108 1323 191 1411 πρὸς
213 1329 250 1393 τὸ
275 1329 336 1394 τοῦ
356 1332 504 1392 ΑΜΔΒ
529 1329 664 1412 στερεοῦ
690 1324 787 1408 ὕψος.
826 1327 866 1394 τὰ
891 1323 923 1394 δ’
950 1324 1034 1394 αὐτὰ
1053 1323 1110 1410 ὕψη

110 1430 179 1498 ἐστὶ
196 1441 264 1498 τῶν
283 1458 318 1498 τε
332 1438 492 1517 ΒΔΜΑ,
512 1438 639 1498 ΖΘΡΟ
657 1437 801 1520 στερεῶν
819 1432 875 1499 καὶ
893 1437 962 1500 τῶν
977 1437 1112 1515 ΑΒΓΔ,
1157 1514 1160 1523 Ι

110 1544 246 1604 ΕΖΗΘ
268 1542 476 1624 πυραμίδων.
519 1542 608 1604 ἔστιν
632 1536 699 1626 άρα
721 1535 766 1617 ὡς
789 1535 809 1623 ἡ
835 1544 938 1605 ΑΒΓ
957 1537 1041 1625 πρὸς
1061 1535 1115 1623 τὴν

109 1649 217 1710 ΕΖΗ
240 1642 357 1728 βάσιν,
390 1640 495 1722 οὕτως
526 1642 564 1710 τὸ
594 1639 657 1710 ἀπὸ
688 1647 747 1730 τῆς
774 1649 909 1710 ΕΖΗΘ
937 1648 1115 1732 πυραμίδος

109 1747 196 1828 ὕψος
218 1753 286 1817 τῶν
306 1755 453 1832 ΑΒΓΔ,
472 1756 610 1816 ΕΖΗΘ
632 1746 716 1835 πρὸς
737 1746 775 1817 τὸ
794 1760 852 1834 τῆς
871 1755 1005 1816 ΑΒΓΔ
1022 1773 1119 1836 πυρα-

108 1859 204 1939 μίδος
236 1852 329 1934 ὕψος.
384 1858 453 1920 τῶν
480 1860 627 1941 ΑΒΓΔ,
661 1862 796 1922 ΕΖΗΘ
828 1854 894 1941 άρα
926 1860 1120 1944 πυραμίδων

107 1957 395 2028 ἀντιπεπόνθασιν
419 1962 455 2027 αί
476 1958 590 2044 βάσεις
611 1974 681 2047 τοῖς
704 1959 834 2043 ὕψεσιν.
872 1961 904 2028 I

175 2064 511 2133 ἀντιπεπονθέτωσαν
535 2064 577 2152 δὴ
602 2066 703 2133 πάλιν
725 2070 793 2134 τῶν
816 2072 965 2151 ΑΒΓΔ,
991 2074 1123 2136 ΕΖΗΘ

108 2175 305 2256 πυραμίδων
330 2175 367 2238 αί
386 2171 500 2256 βάσεις
522 2185 592 2250 τοῖς
609 2173 720 2258 ὕψεσι,
743 2173 799 2239 καὶ
819 2176 900 2240 ἔστω
922 2170 966 2252 ὡς
986 2171 1007 2259 ἡ
1025 2179 1126 2241 ΑΒΓ

108 2275 204 2360 βάσις
231 2273 314 2361 πρὸς
340 2275 403 2360 τὴν
431 2283 540 2344 ΕΖΗ
563 2277 677 2362 βάσιν,
706 2277 812 2357 οὕτως
838 2276 876 2345 τδ
904 2283 963 2364 τῆς
988 2287 1124 2348 ΕΖΗΘ

112 2384 298 2468 πυραμίδος
321 2381 407 2460 ὕψος
430 2381 512 2471 πρὸς
534 2382 571 2451 τὸ
597 2394 655 2469 τῆς
674 2390 806 2451 ΑΒΓΔ
824 2389 1012 2472 πυραμίδος
1031 2385 1125 2468 ὕψος.

107 2488 207 2573 λέγω,
241 2483 292 2553 ὕτι
325 2487 416 2554 ἐστὶν
450 2497 505 2576 ίση
538 2487 558 2576 ἡ
588 2496 721 2557 ΑΒΓΔ
748 2493 894 2577 πυραμίς
920 2501 959 2580 τῇ
989 2499 1125 2561 ΕΖΗΘ

106 2599 277 2680 πυραμίδι·
338 2594 503 2681 τῶνγὰρ
537 2594 648 2663 αὐτῶν
680 2598 1022 2665 κατασκευασθέντων
1059 2602 1128 2668 ἐπεί

111 2703 200 2768 ἐστιν
219 2697 268 2781 Ιάις
291 2699 311 2788 ἡ
332 2708 435 2768 ΑΒΓ
453 2702 550 2787 βάσις
571 2701 656 2788 πρὸς
674 2701 736 2787 τὴν
755 2710 858 2769 ΕΖΗ
880 2701 994 2789 βάσιν,
1018 2703 1126 2784 οὕτως

108 2805 145 2875 τὸ
174 2819 232 2894 τῆς
255 2815 391 2875 ΕΖΗΘ
418 2805 504 2888 ὕψος
531 2806 616 2894 πρὸς
637 2806 675 2874 τὸ
698 2819 757 2893 τῆς
781 2815 914 2876 ΑΒΓΔ
937 2815 1128 2896 πυραμίδος

107 2912 208 2998 ὕψος,
242 2911 286 2992 ὡς
319 2914 356 2981 δδ
383 2912 404 3000 ἡ
433 2921 536 2981 ΑΒΓ
559 2912 656 2999 βάσις
684 2914 767 3000 πρὸς
792 2913 854 2999 τὴν
883 2921 990 2981 ΕΖΗ
1012 2915 1127 3002 βάθει,

110 3017 214 3098 οὕτως
242 3017 262 3104 ἡ
292 3026 369 3086 ΒΜ
391 3020 489 3106 βάσις
516 3019 599 3106 πρὸς
625 3019 687 3106 τὴν
716 3027 778 3086 ΖΡ
801 3018 918 3105 βάσιν,
952 3017 1065 3100 οὕτως
1092 3016 1128 3089 τδ

107 3129 165 3209 τῆς
188 3131 322 3192 ΕΖΗΘ
345 3130 531 3215 πυραμίδος
554 3125 640 3207 ὕψος
662 3124 746 3211 πρὸς
768 3126 806 3193 τὸ
830 3135 888 3210 τῆς
907 3131 1045 3192 ΑΒΓΔ
1069 3153 1129 3196 πυ-

108 3234 246 3318 ραμίδος
269 3231 364 3312 ὕψος.
408 3229 448 3297 τά
474 3229 504 3297 δ’
532 3228 615 3297 αὕτδι
639 3231 708 3316 ὕψη
733 3230 800 3299 ἐστὶ
824 3233 891 3297 τάν
915 3255 948 3296 τε
974 3238 1129 3318 ΑΒΓΔ,

107 3342 243 3403 ΕΖΗΘ
261 3325 459 3424 πῦραμίδων
478 3338 533 3403 καὶ
552 3341 620 3404 τῶν
639 3342 802 3420 ΒΔΜΑ,
823 3342 950 3402 ΖΘΡΟ
970 3345 1129 3426 στερεῶν.

93 3449 190 3515 ἔστιν
213 3442 284 3537 άρα
307 3440 354 3528 οὕς
379 3439 399 3535 ἡ
416 3449 491 3514 ΒΜ
517 3441 614 3531 βάσις
630 3440 715 3530 πρὶις
730 3438 790 3526 τὴν
805 3449 865 3507 ΖΡ
882 3440 994 3525 βάσιν,
1018 3442 1131 3525 οὕτως
