2340 3818
94 116 162 179 402
488 115 669 167 APPENDIX
687 115 724 168 u

96 262 245 323 ΒΔΜΛ
267 253 405 342 στερεὸν
428 255 495 345 ὅλῳ
522 259 568 346 τῷ
593 257 718 323 ΖΘΡΟ
745 260 867 347 στερεῷ
891 253 1013 342 ὅμοιόν
1037 256 1107 322 ἐστι.

96 361 135 430 τὰ
161 361 199 430 δέ
222 361 322 448 ὅμοια
345 359 462 448 στερεά
484 365 797 449 παραλληλεπίπεδα
820 360 905 447 πρὸς
929 359 1057 447 άλληλα
1075 362 1107 428 ἐν

97 473 309 555 τριπλασίονι
338 466 427 556 λόγῳ
461 468 529 535 ἐστί
557 471 627 536 τῶν
655 465 831 555 ὁμολόγων
862 470 1029 553 πλευρῶν.
1075 467 1110 535 τδ

98 579 248 641 ΒΔΜΛ
271 570 338 659 άρα
360 571 497 660 στερεὸν
519 570 602 659 πρὸς
624 571 661 641 τὸ
682 580 810 642 ΖΘΡΟ
828 571 965 662 στερεὸν
982 579 1111 662 τριπλα·

100 685 198 747 σίονα
222 676 325 766 λόγον
348 683 415 766 ἔχει
436 678 520 766 ήπερ
543 677 564 765 ή
584 685 651 748 ΒΓ
668 679 752 769 πρὸς
772 677 836 766 τήν
855 685 942 746 ΖΗ.
968 685 1030 746 καί
1049 680 1113 746 ἐστι

99 789 160 854 τοῦ
182 783 244 872 μὲν
258 793 287 852 Β
293 791 409 853 ΔΜΛ
432 789 568 873 στερεοῦ
587 787 683 855 ἕκτον
702 787 802 873 μέρος
819 783 840 873 ή
856 795 889 854 Α
894 793 923 853 Β
929 791 962 854 Γ
970 785 1114 874 πυραμὶς

100 902 161 958 τοῦ
185 897 312 958 ΖΘΡΟ
338 894 475 976 στερεοῦ
503 892 600 959 ἕκτον
627 893 727 979 μέρος
753 889 774 979 ή
799 897 935 960 ΕΖΗΘ
957 896 1114 978 πυραμίς·

100 998 156 1066 καὶ
183 995 204 1084 ή
228 1001 361 1064 ΑΒΓΔ
388 994 455 1084 άρα
481 998 627 1084 πυραμὶς
653 997 737 1085 πρὸς
763 995 827 1084 τήν
850 1004 988 1065 ΕΖΗΘ
1015 1022 1117 1086 πυρα·

101 1108 183 1190 μίδα
204 1106 424 1189 τριπλασίονα
446 1101 551 1187 λόγον
570 1105 636 1187 ἔχει
653 1099 737 1188 ήπερ
757 1099 952 1188 ήΒΓπρὸς
965 1099 1030 1188 τήν
1044 1106 1117 1169 ΖΗ.

67 1325 82 1373 9
168 1320 244 1394 Πᾶς
270 1319 378 1394 κῶνος
405 1317 590 1402 κυλίνδρου
617 1319 731 1401 τρίτον
754 1314 854 1402 μέρος
877 1313 945 1381 ἐστὶ
969 1317 1033 1382 τοῦ
1054 1311 1116 1399 τήν

102 1419 209 1508 αὐτήν
231 1421 331 1506 βάσιν
354 1425 489 1506 ἔχοντος
511 1420 568 1487 καὶ
590 1417 678 1501 ύψος
701 1426 786 1487 ίσον.

169 1527 266 1615 ἐχέτω
294 1524 359 1613 γὰρ
386 1529 494 1604 κῶνος
520 1529 690 1616 κυλίνδρῳ
718 1524 819 1610 βάσιν
841 1522 905 1612 τήν
928 1523 1039 1611 αὐτὴν
1060 1522 1120 1592 τὸν

102 1636 235 1701 ΑΒΓΔ
257 1628 382 1698 κύκλον
403 1631 459 1697 καὶ
482 1628 568 1711 ύψος
591 1637 676 1699 ίσον.
722 1632 823 1717 λέγω,
847 1628 899 1699 ὅτι
921 1629 1119 1719 τριπλάσιύς

103 1741 193 1807 ἐστιν
217 1735 235 1806 ὁ
258 1736 438 1824 κύλινδρος
460 1739 521 1803 τοῦ
544 1733 666 1806 κοίνου.

171 1847 202 1910 εί
218 1840 282 1929 γάρ
301 1840 346 1927 μή
367 1842 457 1908 ἐστιν
476 1838 494 1909 ὁ
513 1841 693 1929 κύλινδρος
710 1845 771 1909 τοῦ
784 1841 898 1912 κῶνον
911 1840 1118 1930 τριπλάσιος,

105 1954 196 2017 ἔσται
219 1946 285 2036 άρα
305 1945 380 2032 ήτοι
403 1953 523 2034 μείζων
545 1943 565 2034 ή
590 1946 782 2034 τριπλάσιος
800 1944 821 2036 ή
841 1948 993 2018 ἐλάσσων
1012 1945 1035 2035 ή
1054 1973 1119 2034 τρι-

104 2053 252 2133 πλάσιος.
288 2057 371 2120 ἔστω
395 2052 559 2140 πρότερον
583 2053 601 2121 δ
625 2053 805 2141 κύλινδρος
827 2059 888 2123 τοῦ
911 2054 1028 2124 κῶνου
1050 2059 1117 2142 μεί-

107 2166 170 2240 ζων
198 2155 219 2245 ή
246 2158 440 2246 τριπλάσιος
465 2161 512 2250 τῷ
536 2165 601 2226 ΡΣ
625 2164 757 2251 στερεῷ.
810 2160 867 2226 καί
895 2160 1119 2249 ἐγγεγράφθω

105 2269 153 2344 είς
178 2263 239 2331 τὸυ
266 2271 399 2332 ΑΒΓΔ
425 2263 552 2333 κύκλον
578 2268 787 2353 τετράγωνον
816 2264 854 2334 τὸ
882 2272 1034 2352 ΑΒΓΔ,
1067 2266 1121 2334 καὶ

106 2368 274 2438 άυεστάτω
294 2367 359 2437 άπὸ
379 2375 440 2438 τοῦ
458 2377 591 2439 ΑΒΓΔ
609 2371 820 2460 τετραγώνου
837 2377 964 2458 πρίσμα
984 2373 1122 2455 ίσουψὲς

105 2482 152 2569 τῷ
170 2479 348 2567 κυλίνδρῳ.
383 2475 421 2544 τὸ
440 2476 506 2565 άρα
520 2475 747 2564 άυεσταμένου
761 2482 886 2566 πρίσμα
900 2479 1016 2565 μεῖζόν
1032 2483 1120 2549 ἐστιν

106 2580 127 2670 ἢ
150 2586 188 2650 τὸ
212 2581 315 2669 ήμισυ
333 2585 394 2649 τοῦ
412 2587 605 2668 κυλίνδρου.
633 2583 876 2671 τετμήσθωσαν
895 2587 932 2652 αλ
949 2592 1033 2672 ΑΒ,
1052 2589 1121 2669 ΒΓ,

108 2695 185 2775 ΓΔ,
209 2696 279 2756 ΔΑ
301 2691 506 2776 περιφέρειαι
530 2693 606 2777 δίχα
628 2689 711 2757 κατὰ
735 2687 774 2757 τά
798 2697 843 2775 Β,
872 2696 913 2774 Ζ,
940 2697 990 2776 Η,
1016 2699 1047 2760 Θ
1069 2710 1122 2778 ση·

108 2809 194 2882 μεία,
217 2795 273 2862 καὶ
296 2795 548 2882 ἐπεζεύχθωσαν
571 2799 608 2862 αλ
629 2803 710 2881 ΕΑ,
734 2804 813 2882 ΕΒ,
837 2804 914 2882 ΒΖ,
939 2803 1012 2882 ΖΓ,
1037 2802 1117 2880 ΓΗ,

108 2909 196 2985 ΗΔ,
216 2908 298 2986 ΔΘ,
317 2909 399 2987 ΘΑ,
417 2902 473 2968 καὶ
491 2898 659 2970 άνεστάτω
679 2899 738 2990 ἀφ’
761 2903 900 2971 ἑκάστου
918 2906 986 2971 τῶν
1002 2909 1121 2986 ΔΕΒ,

109 3012 215 3091 ΒΖΓ,
244 3011 363 3092 ΓΗΔ,
397 3015 498 3075 ΔΘΑ
520 3007 695 3095 τριγώνων
721 3014 886 3095 πρίσματα
915 3007 1056 3090 ἰσουψὲς
1077 3009 1120 3100 τῷ

109 3114 286 3201 κυλίνδρῳ.
340 3112 478 3181 ἕκαστον
510 3109 749 3200 άνασταμένων
779 3112 975 3201 πρισμάτων
1003 3119 1122 3201 μείζων

110 3218 200 3285 ἐστὶν
223 3212 243 3303 ή
266 3216 304 3285 τὸ
328 3216 432 3305 ήμισυ
453 3222 514 3286 τοῦ
537 3217 616 3287 καθ’
642 3218 725 3289 αὑτὸ
747 3221 915 3307 τμήματος
936 3220 994 3286 καὶ
1013 3225 1123 3289 κυλίν-

111 3328 203 3411 δρου.
249 3324 404 3411 τοιαύτης
428 3323 469 3413 δή
491 3327 670 3414 γινομένης
693 3324 745 3394 άεὶ
767 3326 969 3407 ἐπισκέψεως
991 3325 1125 3415 ληῳθή

105 3437 206 3501 σεταί
223 3458 300 3503 τινα
322 3430 474 3523 τμήματα
496 3428 561 3500 άπὸ
584 3436 645 3500 τοῦ
670 3430 752 3500 ὅλου
773 3436 968 3519 κυλίνδρου,
992 3427 1126 3502 ἃέσιαι
