<?xml version="1.0" encoding="UTF-8"?>
<!DOCTYPE html PUBLIC "-//W3C//DTD XHTML 1.0 Transitional//EN"
    "http://www.w3.org/TR/xhtml1/DTD/xhtml1-transitional.dtd">
<html xmlns="http://www.w3.org/1999/xhtml" xml:lang="en" lang="en">
 <head>
  <title>
</title>
<meta http-equiv="Content-Type" content="text/html;charset=utf-8" />
  <meta name='ocr-system' content='tesseract 3.04.00' />
  <meta name='ocr-capabilities' content='ocr_page ocr_carea ocr_par ocr_line ocrx_word'/>
</head>
<body>
  <div class='ocr_page' id='page_1' title='image "./euclidisoperaom04unkngoog_0197.png"; bbox 0 0 2340 3818; ppageno 0'>
   <div class='ocr_carea' id='block_1_1' title="bbox 108 123 746 199">
    <p class='ocr_par' dir='ltr' id='par_1_1' title="bbox 108 123 746 199">
     <span class='ocr_line' id='line_1_1' title="bbox 108 123 746 199; baseline -0.009 -11"><span class='ocrx_word' id='word_1_1' title='bbox 108 124 173 188; x_wconf 81' lang='lat'><strong><em>174</em></strong></span> <span class='ocrx_word' id='word_1_2' title='bbox 475 128 676 180; x_wconf 73' lang='grc' dir='ltr'><strong><em>ΣΤοΙΧΕΙοΝ</em></strong></span> <span class='ocrx_word' id='word_1_3' title='bbox 695 123 746 199; x_wconf 75' lang='grc' dir='ltr'><strong><em>ιμ’.</em></strong></span> 
     </span>
    </p>
   </div>
   <div class='ocr_carea' id='block_1_2' title="bbox 49 264 1105 2480">
    <p class='ocr_par' dir='ltr' id='par_1_2' title="bbox 49 264 1105 2480">
     <span class='ocr_line' id='line_1_2' title="bbox 105 264 1103 358; baseline -0.003 -21"><span class='ocrx_word' id='word_1_4' title='bbox 105 265 143 337; x_wconf 91' lang='grc' dir='ltr'><strong><em>τδ</em></strong></span> <span class='ocrx_word' id='word_1_5' title='bbox 164 275 265 336; x_wconf 94' lang='grc' dir='ltr'><strong><em>ΔΕΒ</em></strong></span> <span class='ocrx_word' id='word_1_6' title='bbox 289 275 466 358; x_wconf 71' lang='grc' dir='ltr'><strong><em>τρίγωνον,</em></strong></span> <span class='ocrx_word' id='word_1_7' title='bbox 489 268 621 358; x_wconf 83' lang='grc' dir='ltr'><strong><em>κορυφὴ</em></strong></span> <span class='ocrx_word' id='word_1_8' title='bbox 647 269 685 337; x_wconf 76' lang='grc' dir='ltr'><strong><em>δὲ</em></strong></span> <span class='ocrx_word' id='word_1_9' title='bbox 708 266 746 336; x_wconf 88' lang='grc' dir='ltr'><strong><em>τὸ</em></strong></span> <span class='ocrx_word' id='word_1_10' title='bbox 766 273 799 336; x_wconf 91' lang='grc' dir='ltr'>Γ</span> <span class='ocrx_word' id='word_1_11' title='bbox 817 281 968 355; x_wconf 82' lang='grc' dir='ltr'><strong><em>σημεῖον,</em></strong></span> <span class='ocrx_word' id='word_1_12' title='bbox 990 264 1012 355; x_wconf 78' lang='grc' dir='ltr'><em>ἡ</em></span> <span class='ocrx_word' id='word_1_13' title='bbox 1034 265 1103 354; x_wconf 80' lang='grc' dir='ltr'><strong><em>αὐτη</em></strong></span> 
     </span>
     <span class='ocr_line' id='line_1_3' title="bbox 106 366 1104 463; baseline 0 -21"><span class='ocrx_word' id='word_1_14' title='bbox 106 377 175 442; x_wconf 79' lang='grc' dir='ltr'><strong><em>ἐστι</em></strong></span> <span class='ocrx_word' id='word_1_15' title='bbox 198 380 374 463; x_wconf 80' lang='grc' dir='ltr'><em>πυραμίδι,</em></span> <span class='ocrx_word' id='word_1_16' title='bbox 403 366 442 462; x_wconf 75' lang='grc' dir='ltr'><strong><em>ἧς</em></strong></span> <span class='ocrx_word' id='word_1_17' title='bbox 464 373 561 460; x_wconf 79' lang='grc' dir='ltr'><strong><em>βάσις</em></strong></span> <span class='ocrx_word' id='word_1_18' title='bbox 584 377 646 462; x_wconf 81' lang='grc' dir='ltr'><strong><em>μέν</em></strong></span> <span class='ocrx_word' id='word_1_19' title='bbox 670 372 799 444; x_wconf 76' lang='grc' dir='ltr'><strong><em>ἔστιτὸ</em></strong></span> <span class='ocrx_word' id='word_1_20' title='bbox 822 380 925 443; x_wconf 88' lang='grc' dir='ltr'><strong><em>ΕΒΓ</em></strong></span> <span class='ocrx_word' id='word_1_21' title='bbox 942 380 1104 463; x_wconf 82' lang='grc' dir='ltr'><strong><em>τρίγωνον,</em></strong></span> 
     </span>
     <span class='ocr_line' id='line_1_4' title="bbox 105 479 1105 570; baseline 0 -20"><span class='ocrx_word' id='word_1_22' title='bbox 105 481 237 570; x_wconf 79' lang='grc' dir='ltr'><strong><em>κορυφὴ</em></strong></span> <span class='ocrx_word' id='word_1_23' title='bbox 267 481 304 549; x_wconf 74' lang='grc' dir='ltr'><strong><em>δὲ</em></strong></span> <span class='ocrx_word' id='word_1_24' title='bbox 331 481 368 549; x_wconf 85' lang='grc' dir='ltr'><strong><em>τὸ</em></strong></span> <span class='ocrx_word' id='word_1_25' title='bbox 395 490 428 548; x_wconf 97' lang='grc' dir='ltr'><em>Δ</em></span> <span class='ocrx_word' id='word_1_26' title='bbox 450 495 604 569; x_wconf 81' lang='grc' dir='ltr'><strong><em>σημεῖον·</em></strong></span> <span class='ocrx_word' id='word_1_27' title='bbox 630 479 696 550; x_wconf 82' lang='grc' dir='ltr'><strong><em>ὑπὸ</em></strong></span> <span class='ocrx_word' id='word_1_28' title='bbox 725 480 790 569; x_wconf 82' lang='grc' dir='ltr'><strong><em>γὰρ</em></strong></span> <span class='ocrx_word' id='word_1_29' title='bbox 817 485 885 550; x_wconf 77' lang='grc' dir='ltr'><strong><em>τῶν</em></strong></span> <span class='ocrx_word' id='word_1_30' title='bbox 914 479 1027 550; x_wconf 77' lang='grc' dir='ltr'><strong><em>αὐτῶν</em></strong></span> <span class='ocrx_word' id='word_1_31' title='bbox 1054 483 1105 550; x_wconf 79' lang='grc' dir='ltr'><strong><em>ἐπι·</em></strong></span> 
     </span>
     <span class='ocr_line' id='line_1_5' title="bbox 104 579 1104 676; baseline 0 -21"><span class='ocrx_word' id='word_1_32' title='bbox 104 591 216 657; x_wconf 82' lang='grc' dir='ltr'><strong><em>πέδων</em></strong></span> <span class='ocrx_word' id='word_1_33' title='bbox 248 590 439 676; x_wconf 79' lang='grc' dir='ltr'><strong><em>περιέχεται.</em></strong></span> <span class='ocrx_word' id='word_1_34' title='bbox 493 588 549 655; x_wconf 83' lang='grc' dir='ltr'><strong><em>καὶ</em></strong></span> <span class='ocrx_word' id='word_1_35' title='bbox 579 588 724 676; x_wconf 79' lang='grc' dir='ltr'><strong><em>πυραμὶς</em></strong></span> <span class='ocrx_word' id='word_1_36' title='bbox 755 586 837 676; x_wconf 80' lang='grc' dir='ltr'><strong><em>δι’ρα,</em></strong></span> <span class='ocrx_word' id='word_1_37' title='bbox 869 579 909 675; x_wconf 74' lang='grc' dir='ltr'><strong><em>ἧς</em></strong></span> <span class='ocrx_word' id='word_1_38' title='bbox 935 587 1034 674; x_wconf 80' lang='grc' dir='ltr'><strong><em>βάσις</em></strong></span> <span class='ocrx_word' id='word_1_39' title='bbox 1057 588 1104 674; x_wconf 78' lang='grc' dir='ltr'><strong><em>μέν</em></strong></span> 
     </span>
     <span class='ocr_line' id='line_1_6' title="bbox 70 692 1104 783; baseline -0.001 -22"><span class='ocrx_word' id='word_1_40' title='bbox 70 697 173 762; x_wconf 82' lang='grc' dir='ltr'><strong><em>οέστι</em></strong></span> <span class='ocrx_word' id='word_1_41' title='bbox 205 693 243 762; x_wconf 86' lang='grc' dir='ltr'><strong><em>τὸ</em></strong></span> <span class='ocrx_word' id='word_1_42' title='bbox 273 701 374 761; x_wconf 88' lang='grc' dir='ltr'><strong><em>ΑΒΔ</em></strong></span> <span class='ocrx_word' id='word_1_43' title='bbox 399 699 585 783; x_wconf 82' lang='grc' dir='ltr'><strong><em>τρίγωνον,</em></strong></span> <span class='ocrx_word' id='word_1_44' title='bbox 618 693 750 781; x_wconf 78' lang='grc' dir='ltr'><strong><em>κορυφὴ</em></strong></span> <span class='ocrx_word' id='word_1_45' title='bbox 783 692 821 760; x_wconf 72' lang='grc' dir='ltr'><strong><em>δὲ</em></strong></span> <span class='ocrx_word' id='word_1_46' title='bbox 849 694 888 762; x_wconf 86' lang='grc' dir='ltr'><strong><em>τὸ</em></strong></span> <span class='ocrx_word' id='word_1_47' title='bbox 916 700 949 763; x_wconf 92' lang='grc' dir='ltr'>Γ</span> <span class='ocrx_word' id='word_1_48' title='bbox 972 705 1104 780; x_wconf 78' lang='grc' dir='ltr'><strong><em>σημεῖον,</em></strong></span> 
     </span>
     <span class='ocr_line' id='line_1_7' title="bbox 105 791 1104 889; baseline -0.003 -20"><span class='ocrx_word' id='word_1_49' title='bbox 105 809 159 888; x_wconf 88' lang='grc' dir='ltr'><strong><em>ἴση</em></strong></span> <span class='ocrx_word' id='word_1_50' title='bbox 184 801 253 869; x_wconf 82' lang='grc' dir='ltr'><strong><em>ἐστὶ</em></strong></span> <span class='ocrx_word' id='word_1_51' title='bbox 276 805 450 889; x_wconf 74' lang='grc' dir='ltr'><strong><em>πυραμίδι,</em></strong></span> <span class='ocrx_word' id='word_1_52' title='bbox 473 791 513 887; x_wconf 79' lang='grc' dir='ltr'><strong><em>ἧς</em></strong></span> <span class='ocrx_word' id='word_1_53' title='bbox 535 799 632 886; x_wconf 80' lang='grc' dir='ltr'><strong><em>βάσις</em></strong></span> <span class='ocrx_word' id='word_1_54' title='bbox 654 801 716 887; x_wconf 84' lang='grc' dir='ltr'><strong><em>μέν</em></strong></span> <span class='ocrx_word' id='word_1_55' title='bbox 740 800 808 867; x_wconf 83' lang='grc' dir='ltr'><strong><em>ἐστι</em></strong></span> <span class='ocrx_word' id='word_1_56' title='bbox 829 798 868 867; x_wconf 90' lang='grc' dir='ltr'><strong><em>τὸ</em></strong></span> <span class='ocrx_word' id='word_1_57' title='bbox 889 805 991 867; x_wconf 86' lang='grc' dir='ltr'><strong><em>ΕΒΓ</em></strong></span> <span class='ocrx_word' id='word_1_58' title='bbox 1004 804 1104 887; x_wconf 77' lang='grc' dir='ltr'><strong><em>τρίγω-</em></strong></span> 
     </span>
     <span class='ocr_line' id='line_1_8' title="bbox 103 905 1103 995; baseline -0.004 -19"><span class='ocrx_word' id='word_1_59' title='bbox 103 935 177 994; x_wconf 94' lang='grc' dir='ltr'><strong><em>νον,</em></strong></span> <span class='ocrx_word' id='word_1_60' title='bbox 201 906 334 995; x_wconf 79' lang='grc' dir='ltr'><strong><em>κορυφὴ</em></strong></span> <span class='ocrx_word' id='word_1_61' title='bbox 359 905 396 973; x_wconf 72' lang='grc' dir='ltr'><strong><em>δὲ</em></strong></span> <span class='ocrx_word' id='word_1_62' title='bbox 418 905 456 974; x_wconf 86' lang='grc' dir='ltr'><strong><em>τδ</em></strong></span> <span class='ocrx_word' id='word_1_63' title='bbox 478 916 511 973; x_wconf 96' lang='lat' dir='ltr'><em>A</em></span> <span class='ocrx_word' id='word_1_64' title='bbox 534 919 683 993; x_wconf 84' lang='grc' dir='ltr'><strong><em>σημείου.</em></strong></span> <span class='ocrx_word' id='word_1_65' title='bbox 724 905 837 993; x_wconf 79' lang='grc' dir='ltr'><strong><em>πάλιν,</em></strong></span> <span class='ocrx_word' id='word_1_66' title='bbox 861 907 931 974; x_wconf 81' lang='grc' dir='ltr'><strong><em>ἐπεὶ</em></strong></span> <span class='ocrx_word' id='word_1_67' title='bbox 954 913 1103 992; x_wconf 89' lang='grc' dir='ltr'><strong><em>παραλλη-</em></strong></span> 
     </span>
     <span class='ocr_line' id='line_1_9' title="bbox 104 1009 1104 1103; baseline -0.003 -22"><span class='ocrx_word' id='word_1_68' title='bbox 104 1012 300 1103; x_wconf 76' lang='grc' dir='ltr'><strong><em>λόγραμμόν</em></strong></span> <span class='ocrx_word' id='word_1_69' title='bbox 324 1014 391 1080; x_wconf 82' lang='grc' dir='ltr'><strong><em>ἐστι</em></strong></span> <span class='ocrx_word' id='word_1_70' title='bbox 414 1009 452 1079; x_wconf 88' lang='grc' dir='ltr'><strong><em>τὸ</em></strong></span> <span class='ocrx_word' id='word_1_71' title='bbox 472 1018 615 1099; x_wconf 87' lang='grc' dir='ltr'>ΖΓΒΕ,</span> <span class='ocrx_word' id='word_1_72' title='bbox 640 1011 817 1101; x_wconf 79' lang='grc' dir='ltr'><strong><em>διάμετρος</em></strong></span> <span class='ocrx_word' id='word_1_73' title='bbox 840 1014 880 1080; x_wconf 81' lang='grc' dir='ltr'><strong><em>δέ</em></strong></span> <span class='ocrx_word' id='word_1_74' title='bbox 901 1015 993 1081; x_wconf 83' lang='grc' dir='ltr'><strong><em>ἐστιν</em></strong></span> <span class='ocrx_word' id='word_1_75' title='bbox 1016 1009 1104 1080; x_wconf 79' lang='grc' dir='ltr'><strong><em>αὐτοῦ</em></strong></span> 
     </span>
     <span class='ocr_line' id='line_1_10' title="bbox 103 1117 1102 1211; baseline -0.003 -24"><span class='ocrx_word' id='word_1_76' title='bbox 103 1117 123 1207; x_wconf 80' lang='grc' dir='ltr'><em>ἡ</em></span> <span class='ocrx_word' id='word_1_77' title='bbox 153 1126 230 1204; x_wconf 92' lang='grc' dir='ltr'><strong><em>ΓΕ,</em></strong></span> <span class='ocrx_word' id='word_1_78' title='bbox 263 1127 339 1187; x_wconf 92' lang='grc' dir='ltr'><strong><em>ἴσον</em></strong></span> <span class='ocrx_word' id='word_1_79' title='bbox 367 1119 435 1186; x_wconf 81' lang='grc' dir='ltr'><strong><em>ἐστὶ</em></strong></span> <span class='ocrx_word' id='word_1_80' title='bbox 463 1117 500 1186; x_wconf 87' lang='grc' dir='ltr'><strong><em>τὸ</em></strong></span> <span class='ocrx_word' id='word_1_81' title='bbox 530 1125 626 1187; x_wconf 89' lang='grc' dir='ltr'><strong><em>ΓΕΖ</em></strong></span> <span class='ocrx_word' id='word_1_82' title='bbox 655 1124 821 1208; x_wconf 82' lang='grc' dir='ltr'><strong><em>τρίγωνον</em></strong></span> <span class='ocrx_word' id='word_1_83' title='bbox 850 1128 897 1211; x_wconf 74' lang='grc' dir='ltr'><strong><em>τῷ</em></strong></span> <span class='ocrx_word' id='word_1_84' title='bbox 924 1125 1026 1188; x_wconf 87' lang='grc' dir='ltr'><strong><em>ΓΒΕ</em></strong></span> <span class='ocrx_word' id='word_1_85' title='bbox 1051 1144 1102 1206; x_wconf 86' lang='grc' dir='ltr'><strong><em>τρι</em></strong></span> 
     </span>
     <span class='ocr_line' id='line_1_11' title="bbox 51 1216 1100 1316; baseline 0.001 -27"><span class='ocrx_word' id='word_1_86' title='bbox 51 1241 84 1290; x_wconf 85' lang='grc'><strong><em>10</em></strong></span> <span class='ocrx_word' id='word_1_87' title='bbox 103 1224 211 1316; x_wconf 69' lang='grc' dir='ltr'><strong><em>μόνῳ.</em></strong></span> <span class='ocrx_word' id='word_1_88' title='bbox 242 1225 298 1292; x_wconf 82' lang='grc' dir='ltr'><strong><em>καὶ</em></strong></span> <span class='ocrx_word' id='word_1_89' title='bbox 321 1225 467 1315; x_wconf 80' lang='grc' dir='ltr'><strong><em>πυραμὶς</em></strong></span> <span class='ocrx_word' id='word_1_90' title='bbox 490 1223 570 1313; x_wconf 75' lang='grc' dir='ltr'><strong><em>ἄρα,</em></strong></span> <span class='ocrx_word' id='word_1_91' title='bbox 601 1216 641 1311; x_wconf 75' lang='grc' dir='ltr'><strong><em>ἧς</em></strong></span> <span class='ocrx_word' id='word_1_92' title='bbox 662 1223 760 1311; x_wconf 81' lang='grc' dir='ltr'><strong><em>βάσις</em></strong></span> <span class='ocrx_word' id='word_1_93' title='bbox 782 1225 844 1312; x_wconf 84' lang='grc' dir='ltr'><strong><em>μέν</em></strong></span> <span class='ocrx_word' id='word_1_94' title='bbox 868 1226 937 1293; x_wconf 79' lang='grc' dir='ltr'><strong><em>ἐστι</em></strong></span> <span class='ocrx_word' id='word_1_95' title='bbox 960 1224 998 1293; x_wconf 87' lang='grc' dir='ltr'><strong><em>τὸ</em></strong></span> <span class='ocrx_word' id='word_1_96' title='bbox 1023 1228 1100 1292; x_wconf 75' lang='grc' dir='ltr'><strong><em>ΒΓΖ</em></strong></span> 
     </span>
     <span class='ocr_line' id='line_1_12' title="bbox 102 1329 1099 1421; baseline -0.001 -24"><span class='ocrx_word' id='word_1_97' title='bbox 102 1337 285 1417; x_wconf 83' lang='grc' dir='ltr'><strong><em>τρίγωνον,</em></strong></span> <span class='ocrx_word' id='word_1_98' title='bbox 312 1329 445 1421; x_wconf 79' lang='grc' dir='ltr'><strong><em>κορυφὴ</em></strong></span> <span class='ocrx_word' id='word_1_99' title='bbox 474 1331 512 1398; x_wconf 75' lang='grc' dir='ltr'><strong><em>δὲ</em></strong></span> <span class='ocrx_word' id='word_1_100' title='bbox 539 1329 577 1399; x_wconf 87' lang='grc' dir='ltr'><strong><em>τὸ</em></strong></span> <span class='ocrx_word' id='word_1_101' title='bbox 603 1338 636 1398; x_wconf 96' lang='grc' dir='ltr'><em>Δ</em></span> <span class='ocrx_word' id='word_1_102' title='bbox 660 1345 814 1418; x_wconf 84' lang='grc' dir='ltr'><strong><em>σημείου,</em></strong></span> <span class='ocrx_word' id='word_1_103' title='bbox 845 1340 900 1418; x_wconf 98' lang='grc' dir='ltr'><strong><em>ἴση</em></strong></span> <span class='ocrx_word' id='word_1_104' title='bbox 924 1331 995 1399; x_wconf 80' lang='grc' dir='ltr'><strong><em>ἐστὶ</em></strong></span> <span class='ocrx_word' id='word_1_105' title='bbox 1017 1354 1099 1419; x_wconf 86' lang='grc' dir='ltr'><strong><em>πυρι-</em></strong></span> 
     </span>
     <span class='ocr_line' id='line_1_13' title="bbox 102 1428 1098 1526; baseline 0 -22"><span class='ocrx_word' id='word_1_106' title='bbox 102 1441 189 1523; x_wconf 93' lang='grc' dir='ltr'><strong><em>μίδι,</em></strong></span> <span class='ocrx_word' id='word_1_107' title='bbox 217 1428 256 1523; x_wconf 79' lang='grc' dir='ltr'><strong><em>ἧς</em></strong></span> <span class='ocrx_word' id='word_1_108' title='bbox 287 1437 384 1523; x_wconf 81' lang='grc' dir='ltr'><strong><em>βάσις</em></strong></span> <span class='ocrx_word' id='word_1_109' title='bbox 410 1438 472 1523; x_wconf 82' lang='grc' dir='ltr'><strong><em>μέν</em></strong></span> <span class='ocrx_word' id='word_1_110' title='bbox 500 1440 569 1505; x_wconf 80' lang='grc' dir='ltr'><strong><em>ἐστι</em></strong></span> <span class='ocrx_word' id='word_1_111' title='bbox 592 1435 631 1505; x_wconf 91' lang='grc' dir='ltr'><strong><em>τὸ</em></strong></span> <span class='ocrx_word' id='word_1_112' title='bbox 655 1443 749 1504; x_wconf 85' lang='grc' dir='ltr'><strong><em>ΕΓΖ</em></strong></span> <span class='ocrx_word' id='word_1_113' title='bbox 772 1442 958 1526; x_wconf 82' lang='grc' dir='ltr'><strong><em>τρίγωνον,</em></strong></span> <span class='ocrx_word' id='word_1_114' title='bbox 985 1432 1098 1526; x_wconf 77' lang='grc' dir='ltr'><strong><em>κορυφὴ</em></strong></span> 
     </span>
     <span class='ocr_line' id='line_1_14' title="bbox 103 1534 1099 1631; baseline -0.002 -22"><span class='ocrx_word' id='word_1_115' title='bbox 103 1542 141 1609; x_wconf 75' lang='grc' dir='ltr'><strong><em>δὲ</em></strong></span> <span class='ocrx_word' id='word_1_116' title='bbox 163 1541 200 1611; x_wconf 90' lang='grc' dir='ltr'><strong><em>τὸ</em></strong></span> <span class='ocrx_word' id='word_1_117' title='bbox 225 1551 258 1609; x_wconf 97' lang='lat' dir='ltr'><em>A</em></span> <span class='ocrx_word' id='word_1_118' title='bbox 281 1556 430 1628; x_wconf 80' lang='grc' dir='ltr'><strong><em>σημεῖον.</em></strong></span> <span class='ocrx_word' id='word_1_119' title='bbox 481 1538 502 1627; x_wconf 80' lang='grc' dir='ltr'><em>ἡ</em></span> <span class='ocrx_word' id='word_1_120' title='bbox 528 1541 564 1609; x_wconf 72' lang='grc' dir='ltr'><strong><em>δὲ</em></strong></span> <span class='ocrx_word' id='word_1_121' title='bbox 588 1549 747 1631; x_wconf 83' lang='grc' dir='ltr'><strong><em>πυραμίς,</em></strong></span> <span class='ocrx_word' id='word_1_122' title='bbox 776 1534 816 1629; x_wconf 78' lang='grc' dir='ltr'><strong><em>ἧς</em></strong></span> <span class='ocrx_word' id='word_1_123' title='bbox 845 1542 944 1629; x_wconf 81' lang='grc' dir='ltr'><strong><em>βάσις</em></strong></span> <span class='ocrx_word' id='word_1_124' title='bbox 967 1544 1028 1630; x_wconf 80' lang='grc' dir='ltr'><strong><em>μέν</em></strong></span> <span class='ocrx_word' id='word_1_125' title='bbox 1049 1543 1099 1610; x_wconf 80' lang='grc' dir='ltr'><strong><em>ἐστι</em></strong></span> 
     </span>
     <span class='ocr_line' id='line_1_15' title="bbox 101 1647 1099 1736; baseline -0.002 -21"><span class='ocrx_word' id='word_1_126' title='bbox 101 1647 139 1716; x_wconf 90' lang='grc' dir='ltr'><strong><em>τὸ</em></strong></span> <span class='ocrx_word' id='word_1_127' title='bbox 169 1655 268 1716; x_wconf 91' lang='grc' dir='ltr'><strong><em>ΒΓΕ</em></strong></span> <span class='ocrx_word' id='word_1_128' title='bbox 296 1653 479 1734; x_wconf 83' lang='grc' dir='ltr'><strong><em>τρίγωνον,</em></strong></span> <span class='ocrx_word' id='word_1_129' title='bbox 512 1649 645 1736; x_wconf 82' lang='grc' dir='ltr'><strong><em>κορυφὴ</em></strong></span> <span class='ocrx_word' id='word_1_130' title='bbox 678 1647 715 1716; x_wconf 73' lang='grc' dir='ltr'><strong><em>δὲ</em></strong></span> <span class='ocrx_word' id='word_1_131' title='bbox 747 1647 785 1717; x_wconf 91' lang='grc' dir='ltr'><strong><em>τὸ</em></strong></span> <span class='ocrx_word' id='word_1_132' title='bbox 815 1656 848 1716; x_wconf 96' lang='lat' dir='ltr'><em>A</em></span> <span class='ocrx_word' id='word_1_133' title='bbox 875 1662 1028 1736; x_wconf 79' lang='grc' dir='ltr'><strong><em>σημείου,</em></strong></span> <span class='ocrx_word' id='word_1_134' title='bbox 1057 1655 1099 1730; x_wconf 85' lang='grc' dir='ltr'><strong><em>ἴση</em></strong></span> 
     </span>
     <span class='ocr_line' id='line_1_16' title="bbox 50 1747 1100 1844; baseline 0 -24"><span class='ocrx_word' id='word_1_135' title='bbox 50 1771 83 1820; x_wconf 81' lang='lat'><strong><em>15</em></strong></span> <span class='ocrx_word' id='word_1_136' title='bbox 103 1759 238 1843; x_wconf 78' lang='grc' dir='ltr'><em>ἐδείχθη</em></span> <span class='ocrx_word' id='word_1_137' title='bbox 262 1759 435 1844; x_wconf 72' lang='grc' dir='ltr'><strong><em>πυραμίδι,</em></strong></span> <span class='ocrx_word' id='word_1_138' title='bbox 458 1747 498 1840; x_wconf 76' lang='grc' dir='ltr'><strong><em>ἧς</em></strong></span> <span class='ocrx_word' id='word_1_139' title='bbox 520 1755 617 1840; x_wconf 83' lang='grc' dir='ltr'><strong><em>βάσις</em></strong></span> <span class='ocrx_word' id='word_1_140' title='bbox 640 1756 701 1842; x_wconf 81' lang='grc' dir='ltr'><strong><em>μέν</em></strong></span> <span class='ocrx_word' id='word_1_141' title='bbox 725 1757 794 1823; x_wconf 78' lang='grc' dir='ltr'><strong><em>ἐστι</em></strong></span> <span class='ocrx_word' id='word_1_142' title='bbox 816 1756 854 1823; x_wconf 87' lang='grc' dir='ltr'><strong><em>τὸ</em></strong></span> <span class='ocrx_word' id='word_1_143' title='bbox 878 1762 980 1823; x_wconf 85' lang='grc' dir='ltr'><strong><em>ΑΒΔ</em></strong></span> <span class='ocrx_word' id='word_1_144' title='bbox 1001 1758 1100 1842; x_wconf 66' lang='grc' dir='ltr'><strong><em>πρίνου</em></strong></span> 
     </span>
     <span class='ocr_line' id='line_1_17' title="bbox 101 1849 1101 1950; baseline 0 -21"><span class='ocrx_word' id='word_1_145' title='bbox 101 1888 175 1947; x_wconf 93' lang='grc' dir='ltr'><strong><em>νον,</em></strong></span> <span class='ocrx_word' id='word_1_146' title='bbox 198 1863 330 1950; x_wconf 83' lang='grc' dir='ltr'><strong><em>κορυφὴ</em></strong></span> <span class='ocrx_word' id='word_1_147' title='bbox 360 1861 397 1929; x_wconf 74' lang='grc' dir='ltr'><strong><em>δὲ</em></strong></span> <span class='ocrx_word' id='word_1_148' title='bbox 424 1861 462 1929; x_wconf 90' lang='grc' dir='ltr'><strong><em>τὸ</em></strong></span> <span class='ocrx_word' id='word_1_149' title='bbox 487 1868 519 1928; x_wconf 94' lang='grc' dir='ltr'><em>Γ</em></span> <span class='ocrx_word' id='word_1_150' title='bbox 538 1875 689 1949; x_wconf 87' lang='grc' dir='ltr'><strong><em>σημεῖον·</em></strong></span> <span class='ocrx_word' id='word_1_151' title='bbox 719 1861 775 1929; x_wconf 86' lang='grc' dir='ltr'><strong><em>καὶ</em></strong></span> <span class='ocrx_word' id='word_1_152' title='bbox 802 1862 948 1949; x_wconf 78' lang='grc' dir='ltr'><strong><em>πυραμὶς</em></strong></span> <span class='ocrx_word' id='word_1_153' title='bbox 975 1860 1052 1950; x_wconf 75' lang='grc' dir='ltr'><strong><em>ἄρα,</em></strong></span> <span class='ocrx_word' id='word_1_154' title='bbox 1072 1849 1101 1944; x_wconf 75' lang='grc' dir='ltr'><strong><em>ἧς</em></strong></span> 
     </span>
     <span class='ocr_line' id='line_1_18' title="bbox 101 1964 1101 2057; baseline -0.004 -21"><span class='ocrx_word' id='word_1_155' title='bbox 101 1968 198 2054; x_wconf 81' lang='grc' dir='ltr'><strong><em>βάσις</em></strong></span> <span class='ocrx_word' id='word_1_156' title='bbox 225 1970 287 2055; x_wconf 78' lang='grc' dir='ltr'><strong><em>μέν</em></strong></span> <span class='ocrx_word' id='word_1_157' title='bbox 316 1972 383 2036; x_wconf 81' lang='grc' dir='ltr'><strong><em>ἐστι</em></strong></span> <span class='ocrx_word' id='word_1_158' title='bbox 407 1966 444 2036; x_wconf 89' lang='grc' dir='ltr'><strong><em>τὸ</em></strong></span> <span class='ocrx_word' id='word_1_159' title='bbox 468 1974 564 2036; x_wconf 90' lang='grc' dir='ltr'><strong><em>ΓΕΖ</em></strong></span> <span class='ocrx_word' id='word_1_160' title='bbox 586 1974 768 2057; x_wconf 83' lang='grc' dir='ltr'><strong><em>τρίγωνον,</em></strong></span> <span class='ocrx_word' id='word_1_161' title='bbox 796 1967 929 2055; x_wconf 78' lang='grc' dir='ltr'><strong><em>κορυφὴ</em></strong></span> <span class='ocrx_word' id='word_1_162' title='bbox 959 1967 996 2035; x_wconf 74' lang='grc' dir='ltr'><strong><em>δὲ</em></strong></span> <span class='ocrx_word' id='word_1_163' title='bbox 1021 1964 1057 2035; x_wconf 87' lang='grc' dir='ltr'><strong><em>τὸ</em></strong></span> <span class='ocrx_word' id='word_1_164' title='bbox 1077 1969 1101 2031; x_wconf 85' lang='grc' dir='ltr'><em>Δ</em></span> 
     </span>
     <span class='ocr_line' id='line_1_19' title="bbox 102 2066 1100 2164; baseline -0.003 -24"><span class='ocrx_word' id='word_1_165' title='bbox 102 2088 256 2160; x_wconf 77' lang='grc' dir='ltr'><strong><em>σημεῖον,</em></strong></span> <span class='ocrx_word' id='word_1_166' title='bbox 284 2084 338 2162; x_wconf 88' lang='grc' dir='ltr'><strong><em>ἴση</em></strong></span> <span class='ocrx_word' id='word_1_167' title='bbox 370 2075 438 2143; x_wconf 78' lang='grc' dir='ltr'><strong><em>ἐστὶ</em></strong></span> <span class='ocrx_word' id='word_1_168' title='bbox 466 2079 642 2164; x_wconf 76' lang='grc' dir='ltr'><strong><em>πυραμίδι,</em></strong></span> <span class='ocrx_word' id='word_1_169' title='bbox 670 2067 710 2162; x_wconf 81' lang='grc' dir='ltr'><strong><em>ἧς</em></strong></span> <span class='ocrx_word' id='word_1_170' title='bbox 736 2074 833 2161; x_wconf 83' lang='grc' dir='ltr'><strong><em>βάσις</em></strong></span> <span class='ocrx_word' id='word_1_171' title='bbox 861 2076 922 2160; x_wconf 79' lang='grc' dir='ltr'><strong><em>μέν</em></strong></span> <span class='ocrx_word' id='word_1_172' title='bbox 951 2076 1045 2159; x_wconf 83' lang='grc' dir='ltr'><strong><em>[ἐστι]</em></strong></span> <span class='ocrx_word' id='word_1_173' title='bbox 1072 2066 1100 2138; x_wconf 84' lang='grc' dir='ltr'><strong><em>τὸ</em></strong></span> 
     </span>
     <span class='ocr_line' id='line_1_20' title="bbox 103 2179 1103 2269; baseline -0.002 -23"><span class='ocrx_word' id='word_1_174' title='bbox 103 2187 203 2247; x_wconf 88' lang='grc' dir='ltr'><strong><em>ΑΒΔ</em></strong></span> <span class='ocrx_word' id='word_1_175' title='bbox 229 2188 411 2268; x_wconf 83' lang='grc' dir='ltr'><strong><em>τρίγωνον,</em></strong></span> <span class='ocrx_word' id='word_1_176' title='bbox 439 2181 570 2268; x_wconf 77' lang='grc' dir='ltr'><strong><em>κορυφὴ</em></strong></span> <span class='ocrx_word' id='word_1_177' title='bbox 600 2181 637 2249; x_wconf 72' lang='grc' dir='ltr'><strong><em>δὲ</em></strong></span> <span class='ocrx_word' id='word_1_178' title='bbox 664 2179 702 2249; x_wconf 87' lang='grc' dir='ltr'><strong><em>τὸ</em></strong></span> <span class='ocrx_word' id='word_1_179' title='bbox 727 2187 760 2248; x_wconf 95' lang='grc' dir='ltr'><em>Γ</em></span> <span class='ocrx_word' id='word_1_180' title='bbox 778 2195 932 2269; x_wconf 80' lang='grc' dir='ltr'><strong><em>σημείου·</em></strong></span> <span class='ocrx_word' id='word_1_181' title='bbox 964 2180 1103 2269; x_wconf 77' lang='grc' dir='ltr'><strong><em>διῄρητο</em></strong></span> 
     </span>
     <span class='ocr_line' id='line_1_21' title="bbox 49 2283 1104 2375; baseline 0.002 -25"><span class='ocrx_word' id='word_1_182' title='bbox 49 2301 82 2350; x_wconf 77' lang='lat'><strong><em>20</em></strong></span> <span class='ocrx_word' id='word_1_183' title='bbox 101 2283 167 2373; x_wconf 74' lang='grc' dir='ltr'><strong><em>ἄρα</em></strong></span> <span class='ocrx_word' id='word_1_184' title='bbox 194 2285 232 2352; x_wconf 87' lang='grc' dir='ltr'><strong><em>τὸ</em></strong></span> <span class='ocrx_word' id='word_1_185' title='bbox 256 2292 457 2353; x_wconf 91' lang='grc' dir='ltr'><strong><em>ΑΒΓΔΕΖ</em></strong></span> <span class='ocrx_word' id='word_1_186' title='bbox 486 2292 612 2375; x_wconf 91' lang='grc' dir='ltr'><strong><em>πρίσμα</em></strong></span> <span class='ocrx_word' id='word_1_187' title='bbox 640 2290 687 2366; x_wconf 87' lang='grc' dir='ltr'><strong><em>είς</em></strong></span> <span class='ocrx_word' id='word_1_188' title='bbox 713 2300 801 2372; x_wconf 79' lang='grc' dir='ltr'><strong><em>τρεῖς</em></strong></span> <span class='ocrx_word' id='word_1_189' title='bbox 827 2292 1017 2375; x_wconf 78' lang='grc' dir='ltr'><strong><em>πυραμίδας</em></strong></span> <span class='ocrx_word' id='word_1_190' title='bbox 1043 2295 1104 2363; x_wconf 82' lang='grc' dir='ltr'><strong><em>ἴσας</em></strong></span> 
     </span>
     <span class='ocr_line' id='line_1_22' title="bbox 102 2387 777 2480; baseline 0.004 -23"><span class='ocrx_word' id='word_1_191' title='bbox 102 2387 261 2476; x_wconf 79' lang='grc' dir='ltr'><strong><em>ἀλλήλαις</em></strong></span> <span class='ocrx_word' id='word_1_192' title='bbox 282 2390 468 2478; x_wconf 71' lang='grc' dir='ltr'><strong><em>τριγώνους</em></strong></span> <span class='ocrx_word' id='word_1_193' title='bbox 491 2393 633 2480; x_wconf 79' lang='grc' dir='ltr'><strong><em>ἐχούσας</em></strong></span> <span class='ocrx_word' id='word_1_194' title='bbox 654 2390 777 2477; x_wconf 81' lang='grc' dir='ltr'><strong><em>βάσεις.</em></strong></span> 
     </span>
    </p>
   </div>
   <div class='ocr_carea' id='block_1_3' title="bbox 48 2490 1111 3014">
    <p class='ocr_par' dir='ltr' id='par_1_3' title="bbox 101 2490 1107 2801">
     <span class='ocr_line' id='line_1_23' title="bbox 169 2490 1105 2588; baseline 0.001 -25"><span class='ocrx_word' id='word_1_195' title='bbox 169 2497 237 2564; x_wconf 81' lang='grc' dir='ltr'><strong><em>Καὶ</em></strong></span> <span class='ocrx_word' id='word_1_196' title='bbox 256 2497 326 2564; x_wconf 79' lang='grc' dir='ltr'><strong><em>ἐπεὶ</em></strong></span> <span class='ocrx_word' id='word_1_197' title='bbox 345 2504 503 2586; x_wconf 88' lang='grc' dir='ltr'><strong><em>πυραμίς,</em></strong></span> <span class='ocrx_word' id='word_1_198' title='bbox 526 2490 565 2585; x_wconf 75' lang='grc' dir='ltr'><strong><em>ἧς</em></strong></span> <span class='ocrx_word' id='word_1_199' title='bbox 588 2499 685 2585; x_wconf 80' lang='grc' dir='ltr'><strong><em>βάσις</em></strong></span> <span class='ocrx_word' id='word_1_200' title='bbox 704 2499 765 2586; x_wconf 84' lang='grc' dir='ltr'><strong><em>μέν</em></strong></span> <span class='ocrx_word' id='word_1_201' title='bbox 785 2499 909 2567; x_wconf 75' lang='grc' dir='ltr'><strong><em>ἔστιτὸ</em></strong></span> <span class='ocrx_word' id='word_1_202' title='bbox 930 2508 1032 2568; x_wconf 93' lang='grc' dir='ltr'><strong><em>ΑΒΔ</em></strong></span> <span class='ocrx_word' id='word_1_203' title='bbox 1048 2500 1105 2588; x_wconf 88' lang='grc' dir='ltr'><strong><em>τρί-</em></strong></span> 
     </span>
     <span class='ocr_line' id='line_1_24' title="bbox 101 2601 1106 2695; baseline 0.004 -25"><span class='ocrx_word' id='word_1_204' title='bbox 101 2630 230 2689; x_wconf 83' lang='grc' dir='ltr'><strong><em>γωνον,</em></strong></span> <span class='ocrx_word' id='word_1_205' title='bbox 256 2601 389 2692; x_wconf 82' lang='grc' dir='ltr'><strong><em>κορυφὴ</em></strong></span> <span class='ocrx_word' id='word_1_206' title='bbox 413 2604 450 2672; x_wconf 75' lang='grc' dir='ltr'><strong><em>δὲ</em></strong></span> <span class='ocrx_word' id='word_1_207' title='bbox 473 2603 510 2672; x_wconf 91' lang='grc' dir='ltr'><strong><em>τὸ</em></strong></span> <span class='ocrx_word' id='word_1_208' title='bbox 536 2611 568 2672; x_wconf 95' lang='grc' dir='ltr'><em>Γ</em></span> <span class='ocrx_word' id='word_1_209' title='bbox 587 2619 741 2693; x_wconf 82' lang='grc' dir='ltr'><strong><em>σημεῖον,</em></strong></span> <span class='ocrx_word' id='word_1_210' title='bbox 769 2603 790 2692; x_wconf 77' lang='grc' dir='ltr'>ἡ</span> <span class='ocrx_word' id='word_1_211' title='bbox 814 2603 897 2692; x_wconf 80' lang='grc' dir='ltr'><strong><em>αὐτή</em></strong></span> <span class='ocrx_word' id='word_1_212' title='bbox 922 2609 992 2674; x_wconf 82' lang='grc' dir='ltr'><strong><em>ἐστι</em></strong></span> <span class='ocrx_word' id='word_1_213' title='bbox 1014 2631 1106 2695; x_wconf 88' lang='grc' dir='ltr'><strong><em>πυρα·</em></strong></span> 
     </span>
     <span class='ocr_line' id='line_1_25' title="bbox 101 2701 1107 2801; baseline 0.005 -25"><span class='ocrx_word' id='word_1_214' title='bbox 101 2713 188 2795; x_wconf 91' lang='grc' dir='ltr'><strong><em>μίδι,</em></strong></span> <span class='ocrx_word' id='word_1_215' title='bbox 216 2701 256 2795; x_wconf 76' lang='grc' dir='ltr'><strong><em>ἧς</em></strong></span> <span class='ocrx_word' id='word_1_216' title='bbox 285 2709 382 2796; x_wconf 81' lang='grc' dir='ltr'><strong><em>βάσις</em></strong></span> <span class='ocrx_word' id='word_1_217' title='bbox 408 2709 445 2778; x_wconf 91' lang='grc' dir='ltr'><strong><em>τὸ</em></strong></span> <span class='ocrx_word' id='word_1_218' title='bbox 470 2717 564 2778; x_wconf 91' lang='grc' dir='ltr'><strong><em>ΓΑΒ</em></strong></span> <span class='ocrx_word' id='word_1_219' title='bbox 591 2718 772 2801; x_wconf 75' lang='grc' dir='ltr'><strong><em>τρίγωνον,</em></strong></span> <span class='ocrx_word' id='word_1_220' title='bbox 801 2709 935 2800; x_wconf 78' lang='grc' dir='ltr'><strong><em>κορυφὴ</em></strong></span> <span class='ocrx_word' id='word_1_221' title='bbox 961 2711 998 2779; x_wconf 76' lang='grc' dir='ltr'><strong><em>δὲ</em></strong></span> <span class='ocrx_word' id='word_1_222' title='bbox 1020 2712 1059 2781; x_wconf 88' lang='grc' dir='ltr'><strong><em>τδ</em></strong></span> <span class='ocrx_word' id='word_1_223' title='bbox 1083 2716 1107 2780; x_wconf 82' lang='lat' dir='ltr'><em>A</em></span> 
     </span>
    </p>

    <p class='ocr_par' dir='ltr' id='par_1_4' title="bbox 48 2812 1111 3014">
     <span class='ocr_line' id='line_1_26' title="bbox 48 2812 1110 2907; baseline 0.008 -28"><span class='ocrx_word' id='word_1_224' title='bbox 48 2831 82 2880; x_wconf 80' lang='lat'><strong><em>25</em></strong></span> <span class='ocrx_word' id='word_1_225' title='bbox 102 2831 253 2903; x_wconf 85' lang='grc' dir='ltr'><strong><em>σημείου·</em></strong></span> <span class='ocrx_word' id='word_1_226' title='bbox 280 2812 346 2883; x_wconf 80' lang='grc' dir='ltr'><strong><em>ὑπὸ</em></strong></span> <span class='ocrx_word' id='word_1_227' title='bbox 374 2815 438 2902; x_wconf 72' lang='grc' dir='ltr'><strong><em>γὰρ</em></strong></span> <span class='ocrx_word' id='word_1_228' title='bbox 466 2827 534 2884; x_wconf 75' lang='grc' dir='ltr'><strong><em>τῶν</em></strong></span> <span class='ocrx_word' id='word_1_229' title='bbox 563 2814 676 2885; x_wconf 76' lang='grc' dir='ltr'><strong><em>αὐτῶν</em></strong></span> <span class='ocrx_word' id='word_1_230' title='bbox 704 2818 868 2885; x_wconf 78' lang='grc' dir='ltr'><strong><em>ἐπιπέδων</em></strong></span> <span class='ocrx_word' id='word_1_231' title='bbox 894 2818 1110 2907; x_wconf 72' lang='grc' dir='ltr'><strong><em>περιέχονται·</em></strong></span> 
     </span>
     <span class='ocr_line' id='line_1_27' title="bbox 102 2911 1111 3014; baseline 0.004 -24"><span class='ocrx_word' id='word_1_232' title='bbox 102 2921 122 3008; x_wconf 77' lang='grc' dir='ltr'><em>ἡ</em></span> <span class='ocrx_word' id='word_1_233' title='bbox 148 2922 184 2990; x_wconf 74' lang='grc' dir='ltr'><strong><em>δὲ</em></strong></span> <span class='ocrx_word' id='word_1_234' title='bbox 211 2926 371 3011; x_wconf 88' lang='grc' dir='ltr'><strong><em>πυραμίς,</em></strong></span> <span class='ocrx_word' id='word_1_235' title='bbox 399 2911 439 3006; x_wconf 77' lang='grc' dir='ltr'><strong><em>ἧς</em></strong></span> <span class='ocrx_word' id='word_1_236' title='bbox 466 2924 562 3007; x_wconf 79' lang='grc' dir='ltr'><strong><em>βάσις</em></strong></span> <span class='ocrx_word' id='word_1_237' title='bbox 588 2921 626 2992; x_wconf 90' lang='grc' dir='ltr'><strong><em>τὸ</em></strong></span> <span class='ocrx_word' id='word_1_238' title='bbox 649 2929 752 2990; x_wconf 92' lang='grc' dir='ltr'><strong><em>ΑΒΔ</em></strong></span> <span class='ocrx_word' id='word_1_239' title='bbox 773 2928 954 3011; x_wconf 83' lang='grc' dir='ltr'><strong><em>τρίγωνον,</em></strong></span> <span class='ocrx_word' id='word_1_240' title='bbox 982 2923 1111 3014; x_wconf 74' lang='grc' dir='ltr'><strong><em>κορυφὴ</em></strong></span> 
     </span>
    </p>
   </div>
   <div class='ocr_carea' id='block_1_4' title="bbox 100 3164 1118 3386">
    <p class='ocr_par' dir='ltr' id='par_1_5' title="bbox 100 3164 1118 3386">
     <span class='ocr_line' id='line_1_28' title="bbox 174 3164 1116 3243; baseline 0.003 -19"><span class='ocrx_word' id='word_1_241' title='bbox 174 3176 198 3225; x_wconf 78' lang='lat'><strong><em>2.</em></strong></span> <span class='ocrx_word' id='word_1_242' title='bbox 220 3164 290 3240; x_wconf 75' lang='grc' dir='ltr'><strong><em>ἔστι]</em></strong></span> <span class='ocrx_word' id='word_1_243' title='bbox 310 3169 408 3240; x_wconf 82' lang='lat' dir='ltr'>(prius)</span> <span class='ocrx_word' id='word_1_244' title='bbox 429 3166 504 3225; x_wconf 77' lang='grc' dir='ltr'><strong><em>ἐστιν</em></strong></span> <span class='ocrx_word' id='word_1_245' title='bbox 523 3168 586 3235; x_wconf 84' lang='grc' dir='ltr'><strong><em>ΡΒ;</em></strong></span> <span class='ocrx_word' id='word_1_246' title='bbox 607 3166 663 3224; x_wconf 78' lang='grc' dir='ltr'><strong><em>ἐστι</em></strong></span> <span class='ocrx_word' id='word_1_247' title='bbox 682 3171 715 3240; x_wconf 82' lang='grc' dir='ltr'><strong><em>τῆ</em></strong></span> <span class='ocrx_word' id='word_1_248' title='bbox 731 3169 765 3226; x_wconf 89' lang='lat' dir='ltr'><strong><em>V.</em></strong></span> <span class='ocrx_word' id='word_1_249' title='bbox 874 3177 899 3226; x_wconf 78' lang='lat'><strong><em>4.</em></strong></span> <span class='ocrx_word' id='word_1_250' title='bbox 919 3173 984 3243; x_wconf 79' lang='grc' dir='ltr'><strong><em>καί]</em></strong></span> <span class='ocrx_word' id='word_1_251' title='bbox 1010 3188 1066 3229; x_wconf 87' lang='lat' dir='ltr'><strong><em>om.</em></strong></span> <span class='ocrx_word' id='word_1_252' title='bbox 1086 3193 1116 3243; x_wconf 79' lang='lat' dir='ltr'><strong><em>q3</em></strong></span> 
     </span>
     <span class='ocr_line' id='line_1_29' title="bbox 102 3225 1115 3314; baseline 0.001 -18"><span class='ocrx_word' id='word_1_253' title='bbox 102 3240 151 3296; x_wconf 81' lang='grc' dir='ltr'><strong><em>καλ</em></strong></span> <span class='ocrx_word' id='word_1_254' title='bbox 170 3236 187 3309; x_wconf 80' lang='grc' dir='ltr'><em>ἡ</em></span> <span class='ocrx_word' id='word_1_255' title='bbox 207 3239 239 3295; x_wconf 88' lang='lat' dir='ltr'><strong><em>V.</em></strong></span> <span class='ocrx_word' id='word_1_256' title='bbox 332 3247 355 3295; x_wconf 88' lang='lat'><strong><em>6.</em></strong></span> <span class='ocrx_word' id='word_1_257' title='bbox 377 3237 450 3312; x_wconf 78' lang='grc' dir='ltr'><strong><em>ἐστί]</em></strong></span> <span class='ocrx_word' id='word_1_258' title='bbox 471 3237 545 3296; x_wconf 78' lang='grc' dir='ltr'><strong><em>ἐστίν</em></strong></span> <span class='ocrx_word' id='word_1_259' title='bbox 565 3240 628 3309; x_wconf 85' lang='grc' dir='ltr'><strong><em>ΡΒ;</em></strong></span> <span class='ocrx_word' id='word_1_260' title='bbox 653 3225 711 3296; x_wconf 64' lang='grc' dir='ltr'><strong><em>ἐστὶ</em></strong></span> <span class='ocrx_word' id='word_1_261' title='bbox 728 3242 761 3312; x_wconf 80' lang='grc' dir='ltr'><strong><em>τῇ</em></strong></span> <span class='ocrx_word' id='word_1_262' title='bbox 781 3240 815 3296; x_wconf 86' lang='lat' dir='ltr'><strong><em>V.</em></strong></span> <span class='ocrx_word' id='word_1_263' title='bbox 905 3247 931 3298; x_wconf 85' lang='grc'><strong><em>8.</em></strong></span> <span class='ocrx_word' id='word_1_264' title='bbox 950 3237 1041 3314; x_wconf 77' lang='grc' dir='ltr'><strong><em>ἐστιν]</em></strong></span> <span class='ocrx_word' id='word_1_265' title='bbox 1062 3261 1115 3299; x_wconf 90' lang='lat' dir='ltr'><strong><em>om.</em></strong></span> 
     </span>
     <span class='ocr_line' id='line_1_30' title="bbox 100 3306 1118 3386; baseline 0.003 -20"><span class='ocrx_word' id='word_1_266' title='bbox 100 3311 189 3381; x_wconf 85' lang='lat' dir='ltr'>BVq.</span> <span class='ocrx_word' id='word_1_267' title='bbox 266 3306 354 3366; x_wconf 75' lang='grc' dir='ltr'><strong><em>αὐτοῦ</em></strong></span> <span class='ocrx_word' id='word_1_268' title='bbox 374 3307 448 3365; x_wconf 79' lang='grc' dir='ltr'><strong><em>ἐστίν</em></strong></span> <span class='ocrx_word' id='word_1_269' title='bbox 468 3310 521 3380; x_wconf 87' lang='lat' dir='ltr'><strong><em>Bq.</em></strong></span> <span class='ocrx_word' id='word_1_270' title='bbox 604 3317 628 3367; x_wconf 85' lang='lat'><strong><em>9.</em></strong></span> <span class='ocrx_word' id='word_1_271' title='bbox 648 3315 706 3366; x_wconf 91' lang='grc' dir='ltr'><strong><em>ΕΓ</em></strong></span> <span class='ocrx_word' id='word_1_272' title='bbox 721 3313 754 3368; x_wconf 89' lang='lat' dir='ltr'><strong><em>V.</em></strong></span> <span class='ocrx_word' id='word_1_273' title='bbox 840 3319 880 3370; x_wconf 79' lang='lat'><strong><em>12.</em></strong></span> <span class='ocrx_word' id='word_1_274' title='bbox 899 3314 995 3386; x_wconf 89' lang='grc' dir='ltr'><em>ΕΓΖ]</em></span> <span class='ocrx_word' id='word_1_275' title='bbox 1016 3318 1068 3369; x_wconf 89' lang='grc' dir='ltr'><strong><em>ΓΖ</em></strong></span> <span class='ocrx_word' id='word_1_276' title='bbox 1087 3315 1118 3369; x_wconf 87' lang='lat' dir='ltr'><strong><em>in</em></strong></span> 
     </span>
    </p>
   </div>
   <div class='ocr_carea' id='block_1_5' title="bbox 101 3381 1117 3529">
    <p class='ocr_par' dir='ltr' id='par_1_6' title="bbox 101 3381 1117 3529">
     <span class='ocr_line' id='line_1_31' title="bbox 101 3381 1117 3511; baseline 0.003 -73"><span class='ocrx_word' id='word_1_277' title='bbox 101 3400 154 3438; x_wconf 76' lang='lat' dir='ltr'><strong>ras.</strong></span> <span class='ocrx_word' id='word_1_278' title='bbox 176 3381 207 3438; x_wconf 90' lang='lat' dir='ltr'><strong><em>V.</em></strong></span> <span class='ocrx_word' id='word_1_279' title='bbox 304 3387 346 3438; x_wconf 81' lang='lat'><strong><em>14.</em></strong></span> <span class='ocrx_word' id='word_1_280' title='bbox 365 3381 541 3470; x_wconf 44' lang='grc' dir='ltr'><em>ΒΕΓΖ,</em></span> <span class='ocrx_word' id='word_1_281' title='bbox 590 3382 628 3454; x_wconf 93' lang='grc' dir='ltr'><strong><em>Δ]</em></strong></span> <span class='ocrx_word' id='word_1_282' title='bbox 647 3384 676 3438; x_wconf 90' lang='lat' dir='ltr'><strong><em>in</em></strong></span> <span class='ocrx_word' id='word_1_283' title='bbox 694 3401 748 3438; x_wconf 78' lang='lat' dir='ltr'><strong>ras.</strong></span> <span class='ocrx_word' id='word_1_284' title='bbox 768 3383 889 3439; x_wconf 65' lang='grc' dir='ltr'><strong><em>ΜΒ.</em></strong></span> <span class='ocrx_word' id='word_1_285' title='bbox 982 3381 1117 3511; x_wconf 49' lang='lat' dir='ltr'><strong><em>122}oeng</em></strong></span> 
     </span>
     <span class='ocr_line' id='line_1_32' title="bbox 102 3449 1115 3529; baseline 0.003 -20"><span class='ocrx_word' id='word_1_286' title='bbox 102 3470 155 3510; x_wconf 86' lang='lat' dir='ltr'><strong><em>om.</em></strong></span> <span class='ocrx_word' id='word_1_287' title='bbox 175 3453 205 3510; x_wconf 90' lang='lat' dir='ltr'><strong><em>P.</em></strong></span> <span class='ocrx_word' id='word_1_288' title='bbox 297 3459 338 3509; x_wconf 81' lang='lat'><strong><em>21.</em></strong></span> <span class='ocrx_word' id='word_1_289' title='bbox 359 3455 455 3528; x_wconf 84' lang='grc' dir='ltr'><strong><em>βασεις</em></strong></span> <span class='ocrx_word' id='word_1_290' title='bbox 475 3449 618 3524; x_wconf 78' lang='grc' dir='ltr'><strong><em>ἐχουσαις,</em></strong></span> <span class='ocrx_word' id='word_1_291' title='bbox 638 3472 706 3510; x_wconf 77' lang='lat' dir='ltr'>eras.</span> <span class='ocrx_word' id='word_1_292' title='bbox 726 3475 749 3521; x_wconf 86' lang='grc' dir='ltr'><strong><em>ι,</em></strong></span> <span class='ocrx_word' id='word_1_293' title='bbox 763 3454 798 3511; x_wconf 89' lang='lat' dir='ltr'><strong><em>V.</em></strong></span> <span class='ocrx_word' id='word_1_294' title='bbox 889 3461 931 3511; x_wconf 78' lang='lat'><strong><em>23.</em></strong></span> <span class='ocrx_word' id='word_1_295' title='bbox 952 3450 1115 3529; x_wconf 78' lang='grc' dir='ltr'><strong><em>ἐστιτη.</em></strong></span> 
     </span>
    </p>
   </div>
   <div class='ocr_carea' id='block_1_6' title="bbox 0 0 1182 3818">
    <p class='ocr_par' dir='ltr' id='par_1_7' title="bbox 0 0 1182 3818">
     <span class='ocr_line' id='line_1_33' title="bbox 0 0 1182 3818; baseline 0 0"><span class='ocrx_word' id='word_1_296' title='bbox 0 0 1182 3818; x_wconf 95' lang='lat' dir='ltr'><strong><em> </em></strong></span> 
     </span>
    </p>
   </div>
  </div>
 </body>
</html>
