2340 3818
361 109 636 162 nnnurmonun
653 112 761 162 amna
780 113 826 167 xi,
1056 110 1096 174 77

73 273 161 339 quae
189 249 233 314 iis
256 249 410 335 opposita
440 256 528 336 sunt,
559 254 708 337 aequalia
731 259 805 318 sunt
834 256 938 338 [prop.
961 254 1097 337 xxm.

73 379 158 443 ergo
182 361 257 422 ΛΠ
270 385 312 409 =
328 361 395 421 KP
406 387 448 410 =
462 356 570 442 AY.1)
620 359 731 423 eadem
760 359 799 424 de
821 382 919 425 causa
943 362 1005 425 erit
1028 367 1096 426 ΕΔ

75 496 122 518 =
139 468 226 528 AM
235 493 278 516 =
293 467 378 529 ΜΤ.
436 466 546 550 itaque
584 466 710 548 quoties
744 466 913 550 multiplex
950 471 1000 531 est
1032 471 1063 530 A
1069 472 1094 531 Z

74 571 171 636 basis
197 571 286 635 basis
310 575 342 634 A
349 574 390 653 Z,
415 570 513 635 toties
542 571 713 654 multiplex
740 572 804 636 erit
830 572 929 636 etiam
957 572 1095 637 solidum

76 681 114 742 A
120 683 152 741 Y
171 676 264 742 solidi
287 683 319 742 A
326 682 360 740 Y.
398 677 510 742 eadem
534 677 573 742 de
596 700 694 744 causa
713 678 839 763 quoties
857 678 1027 761 multiplex
1046 683 1096 743 est

77 784 173 850 basis
195 786 265 848 ΝΖ
287 783 376 848 basis
400 787 474 867 ΖΘ,
496 784 596 849 toties
620 785 792 870 multiplex
816 785 878 849 erit
900 785 998 849 etiam
1022 785 1096 850 soli-

75 891 157 957 dum
184 894 257 954 ΝΥ
285 889 380 955 solidi
407 895 477 956 ΘΤ.
537 896 570 956 et
602 891 630 954 si
658 894 722 955 ΛΖ
736 923 778 945 =
793 895 874 975 NZ,
905 891 967 956 erit
995 891 1095 955 etiam

78 1001 204 1061 Ar=
218 1001 299 1081 ΝΥ,
318 997 368 1062 sin
386 1000 450 1060 ΛΖ
464 1007 498 1070 >
513 1000 594 1080 ΝΖ,
613 997 676 1061 erit
694 999 794 1062 etiam
812 1001 925 1071 An>
940 1001 1024 1081 ΝΤ,
1043 998 1094 1062 sin

75 1107 190 1169 antem
209 1108 273 1167 ΛΖ
287 1113 322 1176 <
336 1107 415 1186 ΝΖ,
439 1102 501 1168 erit
521 1105 552 1166 Λ
560 1107 589 1167 Y
601 1113 635 1176 <
649 1106 686 1166 N
692 1107 727 1167 Y.
758 1104 868 1186 itaque
892 1103 978 1169 datis
1002 1109 1095 1190 quat·

75 1213 156 1275 tuor
177 1209 467 1294 magnitudinibus,
489 1209 614 1275 duabus
635 1209 768 1275 basibus
788 1213 866 1293 AZ,
885 1214 947 1274 ΖΘ
965 1213 998 1274 et
1017 1210 1093 1276 duo·
1122 1242 1125 1246 ·

75 1316 140 1382 bus
173 1314 286 1380 solidis
314 1320 391 1394 AY,
428 1319 488 1380 ΤΘ
515 1319 646 1399 sumpta
673 1320 748 1381 sunt
770 1337 870 1401 aeque
897 1316 1094 1401 multiplicia

74 1421 171 1487 basis
199 1424 263 1485 ΑΖ
295 1426 328 1485 et
356 1422 452 1488 solidi
480 1428 550 1487 Ar
574 1422 661 1486 basis
690 1427 721 1487 A
727 1426 754 1486 Z
781 1426 815 1487 et
843 1423 982 1488 solidum
1010 1427 1041 1487 A
1048 1429 1093 1506 Y,

72 1528 168 1594 basis
196 1531 304 1592 autem
328 1532 389 1592 ΘΖ
417 1533 450 1594 et
478 1529 574 1594 solidi
598 1533 664 1594 ΘΥ
687 1528 776 1593 basis
799 1532 869 1592 ΝΖ
898 1533 931 1593 et
954 1528 1092 1593 solidum

75 1639 117 1700 N
122 1639 162 1713 Y,
190 1639 223 1698 et
246 1635 505 1701 demonstratum
529 1640 593 1718 est,
617 1636 645 1699 si
668 1639 699 1699 A
705 1641 732 1699 Z
745 1646 780 1708 >
796 1639 876 1717 ΖΝ,
900 1656 970 1698 esse
994 1634 1092 1698 etiam

75 1744 294 1827 AY>NY,
330 1742 382 1806 sin
418 1745 483 1805 ΛΖ
498 1773 540 1794 =
556 1746 641 1824 ZN,
677 1763 748 1806 esse
784 1744 1005 1823 AY=NY,
1042 1741 1092 1805 sin

74 1851 188 1912 autem
216 1851 281 1911 ΛΖ
296 1858 331 1921 <
345 1851 426 1931 ΖΝ,
455 1869 525 1912 esse
554 1852 668 1921 Ab<
680 1851 719 1912 Ν
726 1852 760 1911 Y.
810 1846 871 1911 erit
898 1845 999 1929 igitur
1027 1850 1092 1910 ΑΖ

76 1977 85 2018 :
100 1956 165 2018 ΖΘ
176 1984 217 2006 =
228 1960 260 2018 A
270 1959 317 2019 T:
336 1958 397 2019 ΤΘ
413 1954 456 2035 [V
472 1954 532 2019 def.
547 1955 597 2039 5];
611 1953 697 2038 quod
712 1957 782 2017 erat
796 1951 1091 2017 demonstrandum.
1122 1994 1128 2005 ·

525 2147 643 2214 XXVI.

145 2252 197 2317 Ad
221 2253 331 2319 datam
353 2261 476 2320 rectam
504 2258 537 2319 et
559 2259 715 2340 punctum
743 2255 810 2319 eius
835 2255 990 2340 angulum
1014 2255 1090 2320 soli-

73 2359 153 2423 dum
177 2364 362 2426 construere
385 2362 462 2427 dato
487 2363 607 2447 angulo
631 2362 734 2428 solido
759 2362 934 2446 aequalem.

149 2553 175 2620 1)
198 2552 241 2605 Ex
263 2551 317 2606 def.
338 2558 384 2620 10,
408 2554 475 2623 quia
497 2553 582 2623 plana
605 2570 639 2609 ea
662 2552 929 2635 comprehendentia
947 2551 1033 2606 etiam
1052 2551 1088 2605 si-

76 2620 156 2675 milia
176 2624 240 2676 sunt
262 2623 329 2678 bina
352 2623 436 2678 simul
460 2625 616 2680 coniuncta.
649 2625 684 2680 de
702 2624 784 2679 trinis
802 2642 829 2678 u.
849 2640 913 2694 pag.
933 2628 966 2677 75
985 2625 1043 2678 not.
1063 2628 1089 2678 2.

74 2690 112 2746 de
131 2694 230 2748 ceteris
250 2710 284 2748 ex
301 2711 380 2764 prop.
399 2701 435 2748 24
454 2697 592 2765 sequitur,
611 2713 662 2751 nec
681 2712 752 2764 opus
771 2698 844 2762 erat,
869 2699 900 2749 ut
917 2694 958 2748 ibi
975 2693 1089 2762 propria

75 2761 314 2820 demonstratione
333 2767 534 2835 ostenderetur,
553 2766 620 2836 quia
638 2786 665 2836 p.
686 2772 728 2824 72.
745 2772 777 2821 17
797 2765 1018 2821 demonstratum
1038 2768 1089 2831 est,

72 2831 233 2903 triangulos
248 2839 434 2906 congruentes
448 2853 508 2892 csse
522 2840 560 2908 (u.
575 2837 596 2906 I,
611 2842 650 2906 4),
668 2838 695 2892 h.
710 2854 733 2892 e.
750 2839 797 2891 ἴσα
810 2857 839 2892 τε
854 2836 903 2892 καὶ
918 2832 1012 2906 ὅμοια.

73 3015 100 3066 8.
118 3007 137 3080 ἡ
156 3012 222 3083 ΛΖ]
242 3011 285 3066 bis
299 3015 335 3081 P,
354 3031 423 3071 corr.
438 3035 474 3070 m.
488 3023 510 3071 1.
565 3023 588 3072 9.
609 3012 684 3089 ἐστί]
705 3035 854 3087 suprascr.
870 3032 959 3085 comp.
976 3033 1012 3068 m.
1027 3020 1043 3067 2
1058 3015 1087 3070 F.

145 3083 213 3153 ΛΤ]
234 3100 317 3152 supra
335 3091 360 3140 Α
381 3104 433 3141 scr.
452 3094 473 3140 A
492 3107 529 3143 m.
550 3096 564 3143 l
583 3088 611 3143 b.
685 3094 726 3143 10.
746 3089 816 3159 ΝΖ]
836 3094 857 3144 Ζ
875 3087 905 3141 in
923 3101 974 3141 ras.
995 3084 1041 3138 V..

74 3159 116 3207 13.
136 3153 205 3225 τῶν]
225 3172 380 3223 suprascr.
399 3176 435 3212 m.
456 3164 471 3212 2
490 3158 522 3212 B.
599 3158 643 3230 δέ]
663 3177 733 3216 corr.
753 3175 787 3214 ex
805 3156 841 3229 δή
861 3177 897 3213 m.
917 3165 933 3211 Ζ
953 3157 986 3222 V,
1006 3155 1040 3224 δή
1060 3157 1087 3214 b.

144 3224 214 3295 τῶν]
235 3241 320 3295 supra
338 3244 389 3282 scr.
408 3246 444 3283 m.
465 3235 480 3283 2
500 3229 530 3284 Β.
615 3238 657 3286 16.
676 3231 739 3302 ΛΖ]
760 3247 828 3286 corr.
848 3248 882 3285 ex
900 3234 950 3283 ΛΖ
967 3245 1003 3284 m.
1025 3237 1039 3283 1
1060 3234 1089 3285 et

71 3313 109 3349 m.
129 3299 147 3348 2
166 3295 193 3349 b.
268 3303 309 3350 16.
330 3299 395 3369 ΘΤ]
416 3303 485 3365 ΕΔ,
505 3305 530 3355 Ε
548 3300 578 3356 in
596 3320 648 3357 ras.
669 3303 697 3356 P.
778 3309 818 3356 18.
839 3301 907 3372 ZN]
928 3304 983 3355 ΝΖ
1002 3301 1087 3356 BVb.

156 3371 198 3419 19.
218 3369 346 3440 στερεοῦ]
366 3387 419 3426 om.
440 3370 550 3427 BFVb.
637 3375 694 3444 ἴση]
715 3375 776 3426 ἴσον
795 3372 874 3427 PFV
892 3374 921 3426 et
939 3372 968 3426 in
986 3388 1041 3425 ras.
1059 3371 1088 3428 b.

147 3441 190 3492 2⁰·
209 3433 240 3507 ἦ]
259 3455 343 3509 supra
361 3459 411 3499 scr.
428 3461 463 3497 m.
484 3450 498 3497 1
519 3445 549 3502 P.
622 3451 667 3502 25.
685 3463 750 3516 -σην
771 3461 786 3500 e
805 3461 879 3500 corr.
893 3461 935 3498 m.
949 3443 1065 3497 recu.
