2340 3818
352 116 627 179 annuanroauu
644 128 754 178 arnna
772 129 818 178 xr.
1047 126 1092 191 43

74 270 183 334 erecta
206 270 268 352 est,
296 271 364 332 ΗΒ
387 269 486 334 etiam
510 269 550 334 ad
573 270 706 354 planum
730 274 892 336 rectarum
915 275 1001 356 BA,
1031 275 1097 337 ΒΓ

71 373 351 459 perpendicularis
371 378 421 440 est
441 377 546 460 [prop.
560 372 666 462 IV].1)
705 374 846 460 adquae
866 379 974 443 autem
992 378 1092 462 plana

72 481 187 545 eadem
224 484 312 545 recta
348 480 624 564 perpendicularis
657 485 720 561 est,
757 504 795 547 ea
826 483 983 566 parallela
1015 489 1091 551 sunt

74 591 181 672 [prop.
196 585 299 669 XIV].
336 586 446 672 itaque
469 587 604 671 planum
627 593 788 654 rectarum
803 593 835 652 A
842 592 887 672 B,
907 592 973 654 ΒΓ
987 590 1091 673 paral·

71 694 175 760 lelum
198 696 249 758 est
271 694 370 778 plano
392 698 554 759 rectarum
578 698 660 777 ΔΕ,
684 699 757 761 ΕΖ.
1131 708 1135 713 ”

141 800 230 885 Ergo
263 799 292 863 si
324 797 405 863 duae
436 789 544 865 recta'e
576 801 662 865 inter
694 823 729 866 se
760 804 933 886 tangentes
966 802 1092 869 duabus

75 905 175 970 rectis
192 907 276 971 inter
295 926 329 970 se
343 907 554 992 tangentibus
568 908 745 991 parallelae
760 912 836 973 suut
849 930 917 974 non
930 909 965 974 in
979 910 1092 977 eodem

72 1012 174 1095 plano
196 1012 338 1096 positae,
360 1011 459 1096 plana
482 1035 593 1078 earum
615 1015 775 1098 parallela
799 1018 887 1101 suut3
912 1016 999 1100 quod
1022 1019 1093 1082 erat

76 1117 374 1184 demonstrandum.

540 1245 627 1311 XVI.

140 1349 176 1416 Si
200 1351 264 1417 duo
282 1353 381 1437 plana
399 1352 557 1436 parallela
574 1352 672 1436 plano
692 1351 802 1437 aliquo
822 1357 981 1439 secantur,
1004 1376 1091 1421 com·

71 1479 191 1522 munes
215 1478 326 1523 eorum
351 1459 510 1525 sectiones
533 1458 708 1543 parallelae
731 1462 815 1523 sunt.

831 1563 916 1630 Nam
924 1565 1090 1650 duoplaua

765 1671 922 1756 parallela
935 1677 967 1735 A
972 1675 1001 1736 B
1005 1722 1015 1757 ‚
1027 1675 1091 1736 ΓΔ

765 1778 864 1862 plano
883 1781 1020 1842 ΕΖΗΘ
1041 1799 1089 1842 se-

765 1886 902 1961 centur,
947 1903 1090 1948 commu-

765 2010 823 2052 nes
847 1991 955 2052 autem
977 2010 1089 2054 eorum

766 2095 926 2160 sectiones
936 2095 1091 2179 sintEZ‚

767 2205 843 2265 ΗΘ.
904 2202 989 2286 dico,
1026 2205 1091 2266 EZ

765 2312 873 2372 rectae
893 2311 962 2371 ΗΘ
984 2307 1091 2390 paral-

766 2413 863 2476 lelam
887 2434 966 2478 esse.

141 2540 217 2583 nam
241 2519 269 2582 si
291 2519 407 2602 minus,
430 2522 509 2602 EZ,
529 2524 598 2584 ΗΘ
620 2519 795 2603 productae
820 2521 1012 2583 concurrent
1035 2520 1092 2583 aut

147 2713 173 2779 1)
196 2709 290 2765 Uerba
314 2704 362 2763 διὰ
386 2706 421 2763 τά
444 2709 492 2765 lin.
512 2717 527 2765 3
550 2707 694 2781 -ὀρθάς
721 2711 769 2766 lin.
789 2716 806 2765 8
829 2710 865 2764 ab
884 2707 1002 2764 Euclide
1026 2725 1091 2778 pro·

73 2780 150 2836 fecta
174 2797 235 2837 esse
260 2781 416 2850 nequeunt,
440 2779 544 2851 quippe
568 2798 639 2851 quae
662 2797 714 2852 per
738 2781 872 2852 ambages
890 2781 1092 2847 demonstrent,

73 2856 134 2906 ΒΗ
155 2853 192 2907 ad
213 2851 331 2921 planum
352 2854 494 2906 rectarum
513 2855 582 2920 ΔΕ,
606 2855 659 2907 ΕΖ
681 2850 941 2923 perpendicularem
964 2867 1039 2918 esse,
1062 2850 1092 2904 id

73 2922 151 2991 quod
180 2939 195 2977 e
221 2922 437 2992 praeparatione
464 2924 545 2992 patet
573 2925 610 2992 (p.
634 2929 682 2991 40,
703 2924 760 2991 11),
789 2922 826 2976 ad
854 2937 938 2990 quam
960 2920 1091 2976 Euclides

72 2993 162 3048 tacito
181 2993 297 3063 respicit
316 2996 413 3048 contra
430 3009 537 3048 morem
557 3010 646 3050 suum.
680 2993 745 3048 inde
763 2993 871 3049 fautum
889 2995 940 3061 est,
959 2994 992 3047 ut
1004 2991 1093 3046 uerba

72 3063 126 3118 illa
143 3063 382 3134 interpolarentur
401 3064 430 3117 et
448 3064 477 3118 id
492 3064 605 3134 quidem
619 3065 676 3119 iam
692 3065 757 3119 ante
772 3063 924 3118 Thoonem.
954 3063 1093 3131 scriptura

73 3133 220 3260 calicis?
248 3150 299 3203 per
328 3151 357 3188 se
380 3135 455 3189 bona
478 3135 537 3189 sine
561 3134 646 3190 dubio
671 3152 687 3190 e
710 3135 872 3190 coniectura
894 3134 963 3189 satis
987 3132 1093 3189 recenti

72 3222 90 3259 o
155 3222 184 3260 es

72 3382 141 3451 Vb,
160 3399 252 3452 comp.
270 3382 302 3437 F.
381 3388 422 3436 19.
444 3377 531 3450 ΓΔ”,
550 3379 612 3436 ΑΒ’
631 3382 662 3437 F.
739 3349 784 3438 20¹.
802 3377 1014 3452 rurptoauu,
1029 3394 1107 3430 carr.

76 3472 115 3508 m.
136 3458 162 3508 1.
239 3459 282 3509 23.
301 3449 343 3524 cil
362 3453 573 3523 συμπεσοῦνται
592 3450 625 3510 ci
640 3453 678 3514 V.
1121 3451 1124 3455 ’
