2340 3818
108 154 174 219 242
473 159 674 211 Στοιαοιαα
698 153 749 225 ιμ’.

109 324 170 385 ρας
193 302 346 385 σφαίρας.
392 295 516 383 ὁμοίως
537 299 593 367 καὶ
617 297 737 384 ἑκάστη
765 297 910 385 πυραμὶς
932 302 1002 366 τῶν
1026 300 1065 365 ἐν
1089 301 1129 384 τῇ

108 402 183 490 περὶ
215 403 356 492 κέντρον
388 401 426 473 τὸ
458 413 491 472 Α
523 409 651 495 σφαίρᾳ
683 401 767 492 πρὸς
799 401 941 490 ἑκάστην
975 399 1129 490 ὁμοταγῆ

107 512 280 597 πυραμίδα
302 513 370 577 τῶν
394 510 431 578 ἐν
454 514 493 598 τῇ
517 511 613 600 ἑτέρᾳ
636 515 765 598 σφαίρᾳ
782 513 1004 596 τριπλασίονα
1022 507 1128 594 λόγον

108 617 189 701 ἕξει,
212 614 296 703 ἥπερ
320 613 425 702 ἡΑΒ
448 615 531 705 πρὸς
553 615 615 702 τὴν
639 620 675 684 ἐκ
697 619 759 684 τοῦ
776 617 919 699 κέντρον
936 618 997 701 τῆς
1016 615 1128 702 ἑτέρας

73 739 90 786 ο
110 726 262 810 σφαίρας.
298 722 354 789 καὶ
377 719 423 802 ὡς
445 725 482 789 ἓν
500 726 568 790 τῶν
587 722 786 809 ἡγουμένων
804 720 889 808 πρὸς
907 724 944 788 ἓν
963 724 1035 788 τῶν
1055 720 1123 789 ἑπο·

108 828 235 913 μένων,
263 824 369 905 οὕτως
396 824 528 895 ἅπαντα
554 831 594 895 τδι
621 825 793 914 ἡγούμενα
819 825 905 913 πρὸς
932 824 1067 895 ἅπαντα
1088 824 1124 893 ιδι

109 932 267 1018 ἑπόμενα·
286 930 370 1000 ὥστε
390 931 472 1000 ὅλον
489 931 528 1002 τδ
548 936 586 1002 ἐν
598 959 638 1022 τμ
653 933 729 1020 περὶ
742 933 882 1019 κέντρον
897 931 935 1000 τὸ
950 940 984 999 A
998 936 1126 1021 σφαίρᾳ

109 1035 244 1124 στερεὸν
267 1035 457 1126 πολύεδρον
478 1038 563 1126 πρὸς
581 1037 664 1107 ὅλον
681 1037 719 1107 τὸ
739 1042 776 1107 ἐν
794 1042 834 1127 τῇ
853 1038 949 1126 ἑτέρᾳ
969 1042 1123 1128 [σφαίρᾳ]

56 1267 91 1317 10
109 1256 175 1316 ΑΒ
207 1248 292 1337 πρὸς
321 1252 385 1336 τὴν
417 1253 453 1318 ἐκ
483 1254 545 1318 τοῦ
572 1252 713 1337 κέντρον
741 1253 800 1337 τῆς
828 1249 941 1334 ἑτέρας
968 1255 1123 1336 σφαίρας,

108 1355 279 1422 τουτέστιν
303 1354 385 1444 ἤπερ
408 1353 429 1443 ἡ
453 1363 517 1423 ΒΔ
540 1355 716 1444 διάμετρος
738 1357 823 1443 πρὸς
845 1357 908 1442 τὴν
931 1359 990 1441 τῆς
1015 1355 1122 1442 ἑτέρας

109 1465 256 1548 σφαίρας
280 1460 472 1548 διάμετρον·
497 1459 577 1546 ὅπερ
602 1465 670 1529 ἔδει
694 1461 809 1542 δεῖξαι.

591 1680 649 1741 ιη.

175 1782 229 1846 A!
259 1793 427 1867 σφαῖραι
459 1780 559 1867 πρὸς
590 1775 762 1864 ἀλλήλας
794 1780 835 1845 ἐν
867 1783 1127 1863 τριπλασίονι

58 1903 91 1952 15
110 1885 213 1974 λόγῳ
238 1886 315 1953 είσὶ
337 1887 415 1952 τῶν
440 1887 555 1951 ίδίων
578 1885 811 1970 διαμέτρων.

176 1992 435 2077 Νενοήσθωσαν
458 2003 599 2079 σφαῖραι
622 1993 660 2057 αί
675 1994 792 2074 ΑΒΓ,
811 1995 927 2074 ΔΕΖ,
952 1989 1127 2078 διάμετροι

110 2096 147 2164 δὲ
167 2094 279 2164 αὐτῶν
299 2100 337 2162 αί
352 2101 424 2182 ΒΓ,
444 2102 520 2162 ΕΖ·
542 2097 643 2181 λέγω,
667 2092 719 2162 ὅτι
736 2091 758 2179 ἡ
776 2100 881 2161 ΑΒΓ
895 2109 1023 2182 σφαῖρα
1043 2100 1128 2184 πρὸς

109 2201 171 2287 τὴν
199 2209 270 2268 ΔΕ
279 2209 306 2268 Ζ
338 2216 487 2289 σφαῖραν
514 2205 733 2290 τριπλασίονα
759 2199 865 2287 λόγον
892 2206 958 2288 ἔχει
995 2199 1125 2288 ἦπερὴ

110 2313 176 2375 ΒΓ
196 2310 280 2391 πρὸς
301 2304 364 2392 τὴν
387 2315 458 2374 ΕΖ.

182 2507 207 2557 2.
226 2500 292 2567 περὶ
306 2496 337 2554 τό
355 2498 411 2568 Bq.
483 2507 508 2556 4.
530 2495 639 2573 ἑτέρας]
659 2518 713 2557 om.
733 2503 763 2557 P.
837 2506 860 2558 ⁷.
880 2497 950 2556 ὥστε
970 2503 1023 2556 καί
1039 2502 1074 2557 Ρ.

109 2570 176 2641 περὶ
193 2567 225 2626 τό
244 2570 275 2626 Β.
385 2568 489 2640 κέντρα
508 2572 547 2625 τῶ
585 2590 609 2640 q.
728 2577 752 2628 8.
772 2573 890 2648 σφαίρᾳ]
910 2588 965 2627 om.
986 2573 1016 2626 P.

112 2649 154 2697 10.
174 2636 282 2712 ἑτέρας]
301 2640 324 2694 Β
344 2658 428 2710 supra
447 2658 498 2696 scr.
517 2643 632 2712 στερεᾶς
650 2661 687 2698 m.
706 2649 731 2699 2.
819 2649 860 2700 15.
880 2642 951 2697 εἰσίν
970 2642 1033 2698 ΡΒ.

112 2719 154 2771 16.
173 2708 375 2781 ἐννοήσθασαν
394 2713 423 2767 Ρ.
