2340 3818
72 112 139 175 404
466 112 650 164 APPENDIX
667 112 702 164 11.

74 259 212 321 ἔλαττον
240 250 344 320 αὐτοῦ
372 255 519 339 στερεοῦ.
570 250 730 338 λελήφδω
744 251 814 319 -καὶ
841 249 1020 318 ἀνεστάτω
1049 251 1101 319 ἐπὶ

74 363 142 427 τοι
158 365 275 444 AER,
294 363 401 442 ΒΖΓ,
421 364 544 443 ΓΗΔ,
564 365 677 425 ΛοΑ.
709 355 808 444 λοιπὴ
822 353 890 443 δρα
904 353 926 443 ἡ
940 363 1100 445 πυραμίς,

74 457 113 550 ἧς
133 464 231 550 βάσις
249 466 310 550 μέν
329 467 397 532 ἐστι
416 462 453 532 τὸ
473 470 757 532 ΑΕΒΖΓΗΔΘ
773 463 992 549 πολύγωνον,
1014 460 1101 544 ὕψος

77 570 115 639 δὲ
137 569 174 638 τδ
199 568 281 639 αὐτὸ
303 574 349 661 τῷ
369 572 478 662 κώνῳ,
501 569 616 657 μεῖζόν
634 571 726 637 ἐστιν
744 564 766 654 ἢ
785 573 901 654 τρίτον
919 570 1024 656 μέρος
1040 572 1100 637 τού

76 681 262 764 κυλίνδρου
286 680 346 744 τού
369 676 473 762 βάσιν
496 676 558 762 μὲν
577 680 711 762 ἔχοντος
728 673 789 742 τὸν
806 680 944 742 ΑΒΓΔ
962 675 1100 759 κύκλον,

75 781 162 864 ύύος
187 781 224 850 δὲ
247 780 283 850 τδ
309 781 390 851 αὐτὸ
414 786 460 875 τῷ
479 782 586 873 κώνῳ.
623 778 697 849 ἀλλ’
719 778 740 867 ἡ
760 785 919 869 πυραμίς,
945 772 987 867 ἧς
1004 780 1099 867 βάσις

77 890 138 974 μίν
168 892 258 957 ἐστιν
285 885 305 974 ἡ
332 892 613 955 ΑΕΒΖΓΗΔΘ
639 886 854 972 πολύγωνον,
883 887 975 968 ύψος
1002 886 1041 953 δὲ
1061 885 1096 954 τὸ

78 993 159 1062 αὐτὸ
175 998 220 1084 τῷ
235 993 344 1086 κώνῳ,
358 997 420 1063 τοῦ
433 993 534 1080 βάσιν
549 992 611 1079 μὲν
626 997 760 1079 ἔχοντος
773 992 810 1061 τὸ
821 997 1097 1061 ΑΕΒΖΓΗΔΘ

80 1100 291 1186 πολύγωνον,
310 1100 396 1180 ύύος
415 1099 453 1168 δὲ
471 1099 508 1167 τὸ
529 1097 612 1167 αύτδ
630 1103 676 1190 τῷ
695 1097 803 1191 κώνῳ.
838 1098 895 1166 καὶ
913 1097 954 1167 τὸ
974 1104 1096 1187 πρίσμα

78 1205 159 1294 άριι,
184 1198 226 1274 ού
251 1206 348 1292 βάσις
366 1208 428 1293 μίν
447 1209 516 1274 ἐστι
534 1203 572 1273 τὸ
593 1211 871 1274 ΑΕΒΖΓΗΔΘ
888 1204 1094 1292 πολύγωνον,

80 1312 167 1392 ύψος
191 1313 228 1380 δὲ
250 1312 287 1380 τδ
308 1311 390 1380 αὐτὸ
410 1315 455 1402 τῷ
474 1310 588 1405 κώνῳ,
612 1312 724 1399 μεῖζόν
748 1315 817 1380 ἐστι
834 1315 896 1380 τοῦ
914 1317 1092 1401 κυλίνδρου

78 1422 139 1484 τοῦ
167 1417 268 1503 βάσιν
298 1418 359 1504 μὲν
383 1424 517 1506 ἔχοντος
538 1417 600 1487 τὸν
626 1424 760 1486 ΑΒΓΔ
781 1416 924 1504 κύκλον,
953 1419 1041 1501 ὕψος
1060 1416 1092 1487 a}

77 1521 116 1591 τὸ
131 1523 214 1592 αὐτὸ
229 1528 274 1615 τῷ
290 1524 405 1615 κώνῳ,
424 1523 536 1610 μεῖζόν
557 1526 626 1592 ἐστι
644 1529 706 1593 τοῦ
724 1529 909 1613 κυλίνδρου
923 1529 986 1593 τοῦ
999 1524 1091 1611 βάσιν

79 1629 142 1716 μὲν
167 1635 299 1716 ἔχοντος
320 1631 381 1698 τὸν
401 1636 537 1699 ΑΒΓΔ
559 1629 695 1717 κύκλον,
718 1631 805 1710 ύύος
827 1629 865 1698 δὲ
886 1629 927 1699 τὸ
950 1628 1091 1722 αύτδτγῐ

78 1735 184 1827 κώνῳ.
222 1734 308 1804 άλλδι
327 1736 383 1803 καὶ
402 1738 628 1825 ἐμπεριέχεται
643 1739 680 1804 ἐν
699 1735 802 1829 αύτῷ·
823 1737 903 1824 ὅπερ
918 1735 1093 1806 άδύνιιτον.

80 1840 142 1909 οὐκ
167 1841 231 1926 ἄρα
256 1840 273 1910 ὁ
296 1842 476 1931 κύλινδρος
498 1847 559 1911 τοῦ
582 1841 694 1911 κώνου
718 1842 863 1911 ἐλάττων
883 1843 976 1911 ἐστὶν
995 1839 1016 1931 ἢ
1035 1869 1094 1931 τρι·

80 1947 226 2027 πλάσιος.
277 1950 412 2034 ἐδείχθη
442 1949 492 2035 δι’,
526 1948 579 2016 ὅτι
602 1945 684 2017 οὐδὲ
706 1954 826 2035 μείζων
848 1943 869 2034 ἢ
893 1949 1093 2036 τριπλάσιος.

81 2056 272 2139 τριπλάσιος
298 2052 363 2141 άρα
387 2057 486 2122 ἐστίν.

30 2276 63 2325 10
151 2269 195 2331 oc
221 2267 332 2351 ὅμοιοι
358 2270 461 2335 κάνοι
491 2268 546 2334 καὶ
569 2266 746 2354 κύλινδροι
768 2265 851 2355 πρὸς
873 2265 1044 2353 ἀλλήλους
1065 2268 1097 2334 δν

82 2376 293 2456 τριπλασίονι
317 2372 406 2462 λόγῳ
431 2372 495 2440 είσὶ
519 2376 586 2440 τών
611 2373 647 2439 ἐν
670 2386 741 2450 ταῖς
763 2371 880 2457 βάσεσι
900 2374 1097 2460 διαμέτρων.

150 2480 299 2544 ἔστωσαν
320 2478 430 2563 ὅμοιοι
449 2483 552 2547 κώνοι
572 2478 628 2544 καὶ
645 2477 830 2565 κύλινδροι,
850 2469 898 2546 οἷν
913 2477 1031 2564 βάσεις
1043 2477 1099 2566 μὲν

83 2585 233 2649 ἔστωσαν
253 2587 287 2651 οί
307 2590 452 2669 ΑΒΓΔ,
476 2590 613 2651 ΕΖΗΘ
630 2583 759 2669 κύκλοι,
778 2581 897 2665 ἄξονες
914 2583 954 2652 δὲ
975 2588 1013 2652 οί
1026 2588 1100 2668 ΚΑ,

85 2696 178 2774 ΜΝ,
210 2689 381 2778 διάμετροι
410 2690 447 2758 δὲ
471 2695 619 2757 ἔστωσαν
643 2692 679 2756 αί
701 2695 776 2774 ΒΓ,
806 2696 874 2757 ΖΘ.
920 2691 1026 2777 λέγω,
1054 2686 1099 2758 ὅτι

85 2793 102 2862 ὁ
124 2804 154 2861 Α
162 2802 330 2863 ΒΓΔΚΑ
353 2801 461 2875 κώνος
479 2793 564 2880 πρὸς
581 2795 641 2863 τὸν
659 2802 885 2864 ΕΖΗΘΜΝ
904 2799 1021 2864 κώνου
1038 2821 1100 2884 τρι

85 2905 251 2968 πλοισίονα
275 2902 377 2986 λόγον
402 2907 466 2988 ἔχει
491 2899 574 2988 ἥπερ
598 2898 618 2988 ἡ
642 2906 710 2967 ΒΔ
733 2899 816 2988 πρὸς
841 2906 909 2969 ΖΘ.

154 3011 184 3073 εί
206 3007 269 3094 γὰρ
289 3006 333 3094 μὴ
353 3006 371 3075 ὁ
393 3013 586 3075 ΑΒΓΔΚΑ
602 3012 712 3086 κώνος
730 3008 813 3094 πρὸς
830 3004 892 3076 τὸν
906 3012 1104 3077 ΕΖΗΘΜΝ

84 3119 304 3197 τριπλασίονα
327 3113 430 3200 λόγον
450 3118 516 3200 ἔχει
535 3111 618 3200 ἥπερ
637 3110 658 3198 ἡ
677 3120 741 3179 ΒΔ
759 3111 843 3200 πρὸς
860 3115 924 3199 τὴν
939 3121 1018 3200 ΖΘ,
1042 3114 1101 3194 ἔξει

85 3216 150 3300 ἄρα
178 3216 195 3286 ὁ
226 3227 291 3287 ΑΒ
300 3225 398 3287 ΓΔΚ
405 3226 434 3286 Λ
461 3224 569 3298 κώνος
596 3216 672 3305 ἤτοι
699 3217 782 3306 πρὸς
813 3218 959 3287 ἔλασσόν
986 3245 1019 3288 τι
1046 3221 1102 3287 τοῦ

87 3331 310 3392 ΕΖΗΘΜΝ
335 3325 447 3393 κώνου
476 3327 613 3412 στερεὸν
640 3329 859 3411 τριπλασίονα
886 3324 995 3411 λόγον
1023 3324 1101 3413 ἥπερ

27 3516 37 3559 ι
74 3429 192 3522 MA
219 3431 306 3529 πρὸς
334 3431 398 3525 τὴν
425 3438 486 3503 ΖΘ
512 3426 535 3520 ἢ
562 3428 647 3520 προς
670 3428 709 3496 το
738 3436 857 3514 ρείζον,
900 3431 1001 3514 ἐχέτω
1026 3428 1101 3518 πρίν
