2340 3818
473 174 655 225 APPENDIX
673 176 709 227 11.
1030 173 1093 238 421

81 317 350 401 τεταρτημορίων
377 312 418 381 τά
447 311 531 381 αύτά
559 313 873 400 κατασκευάσωμεν,
906 316 1022 401 ἕξομεν
1050 321 1097 396 είς

81 419 144 506 τὴν
163 425 297 507 μείζονα
312 432 460 508 σφαῖραν
479 418 615 506 στερεὸν
628 419 818 507 πολύεδρον
831 421 887 488 καὶ
901 417 1096 508 ἀρτιόπλευ-

82 553 144 610 ρον
163 526 430 613 ἐγγεγραμμένον
453 525 498 612 μὴ
522 529 636 606 ψαῦον
658 529 717 612 της
739 525 921 606 ἐλάσσονος
944 533 1095 614 σφαίρας.

146 629 224 700 Ἐάν
243 635 285 719 δὴ
305 636 352 712 είς
371 632 485 719 ἑτέραν
505 644 654 719 σφαῖραν
672 635 718 724 τῷ
740 634 776 699 ἐν
795 635 834 720 τῇ
853 639 882 699 Β
889 639 951 700 ΓΔ
970 639 1096 723 σφαίρηι

81 743 201 831 στερεῷ
234 740 408 828 πολυέδρῳ
442 735 561 823 ὅμοιον
594 736 729 825 στερεὸν
761 738 950 827 πολύεδρον
979 739 1096 826 ἐγγρά-

83 859 209 932 ψωμεν,
239 849 330 911 ἔσται
358 843 478 929 ἑκάστη
507 847 575 912 τῶν
598 848 797 930 πυραμίδων
819 848 888 912 τῶν
911 844 1011 929 βάσιν
1035 845 1095 931 μὲν

80 954 231 1038 ἐχουσῶν
258 948 298 1017 τά
320 955 476 1035 ΜΓΟῬ,
506 956 659 1034 ΥΟΠΤ,
691 957 825 1018 ΤΠΡΣ
850 951 906 1017 καὶ
932 950 970 1018 τὸ
995 958 1100 1019 NOP

79 1061 262 1143 τρίγωνον,
288 1055 443 1144 κορυφὴν
468 1055 505 1122 δὲ
526 1055 564 1123 τὸ
588 1064 621 1121 Α
648 1070 798 1143 σημείου,
828 1053 927 1143 ὁμοία
953 1067 993 1145 τῇ
1017 1054 1096 1143 ὁμο-

79 1175 175 1248 ταγεῖ
195 1166 367 1249 πυραμίδι.
399 1166 438 1228 αί
458 1161 496 1229 δὲ
515 1158 629 1246 ὅμοιαι
647 1167 832 1249 πυραμίδες
849 1166 933 1250 πρὸς
951 1161 1096 1249 άλληλας

79 1272 300 1356 τριπλασίονα
327 1265 431 1352 λόγον
458 1271 594 1353 ἔχουσιν
620 1265 704 1355 ἤπερ
732 1265 753 1354 ἡ
782 1266 946 1355 ὁμόλογος
968 1267 1094 1356 πλευρά

78 1373 164 1460 πρὸς
187 1372 249 1457 τὴν
272 1369 441 1459 ὁμόλογον
463 1371 621 1461 πλευράν.
669 1373 789 1460 ἑκάστη
813 1374 879 1460 άρα
901 1378 969 1443 τοὸν
992 1398 1094 1461 πυρα-

80 1483 189 1566 μίδων
213 1489 281 1547 τοῖν
304 1477 405 1564 βάσιν
422 1481 491 1545 τῶν
510 1478 611 1563 βάσιν
630 1478 692 1566 μὲν
711 1480 860 1565 ἐχουσῶν
878 1481 918 1547 τὰ
940 1487 1093 1565 ΜΓΟΤ,

82 1592 189 1652 ΤΟΠ
192 1591 232 1670 Τ,
260 1591 330 1653 ΤΠ
334 1591 399 1651 ΡΣ
420 1584 643 1673 τετράπλευρα
666 1586 721 1652 καὶ
740 1584 777 1652 τὸ
797 1593 905 1654 ΝΣΡ
918 1592 1095 1672 τρίγωνον,

78 1690 235 1779 κορυφὴν
254 1689 291 1757 δὲ
308 1690 346 1758 τὸ
361 1698 395 1757 Α
409 1703 559 1776 σημεῖον,
576 1691 661 1779 πρὸς
673 1690 815 1777 ἑκάστην
833 1696 900 1760 των
920 1692 1094 1778 ὁμοταγῶν

78 1801 279 1885 πυραμίδων
300 1796 552 1885 τριπλασίοναλ)
575 1795 679 1882 λόγον
702 1801 768 1883 ἔχει
791 1796 874 1886 η’περ
892 1796 913 1883 ἡ
934 1804 994 1865 ΓΑ
1012 1798 1094 1886 πρὸς

78 1903 141 1990 τὴν
174 1905 211 1970 ἐκ
241 1905 302 1970 τού
329 1902 471 1989 κέντρου
497 1904 555 1987 τῆς
582 1903 695 1989 ἑτέρας
722 1908 874 1991 σφαίρας.
924 1904 979 1970 καλ
1012 1902 1093 1972 ὅλον

78 2007 145 2095 άρα
168 2007 205 2076 τὸ
229 2006 419 2096 πολύεδρον
436 2013 656 2095 τριπλασίονα
673 2008 778 2095 λόγον
801 2014 866 2097 ἔχει
889 2008 973 2096 ἥπερ
996 2008 1093 2096 ἡΓΑ

78 2113 163 2202 πρὸς
185 2114 248 2200 τὴν
272 2115 308 2182 ἐκ
330 2124 392 2182 τοῦ
414 2115 556 2201 κέντρον
577 2119 636 2200 τῆς
658 2115 770 2198 ἑτέρας
794 2120 945 2201 σφαίρας.
987 2113 1032 2196 ὡς
1055 2117 1093 2185 δὲ

77 2218 99 2306 ἡ
124 2225 184 2286 ΓΑ
205 2219 292 2304 πρὸς
314 2219 376 2306 τὴν
403 2222 439 2288 ἐκ
461 2230 522 2287 τοῦ
545 2220 685 2309 κέντρου
712 2224 770 2305 της
797 2221 909 2308 ἑτέρας
936 2228 1092 2311 σφαίρας,

79 2322 187 2406 οὕτως
209 2322 231 2411 ἡ
250 2331 313 2393 ΓΔ
336 2324 419 2414 πρὸς
441 2324 505 2411 τὴν
528 2324 708 2413 διάμετρον
727 2330 785 2412 τῆς
808 2327 920 2414 ἑτέρας
939 2334 1092 2416 σφαίρας.

76 2432 135 2498 καὶ
158 2432 240 2500 ὅλον
264 2430 330 2519 άρα
352 2429 390 2498 τὸ
415 2429 604 2517 πολύεδρον
632 2429 715 2519 πρὸς
738 2430 820 2500 ὅλον
842 2430 880 2502 τὸ
903 2434 1092 2521 πολύεδρον

76 2542 297 2624 τριπλασίονα
329 2536 433 2622 λόγον
464 2540 531 2622 ἔχει
562 2534 645 2625 ἥπερ
672 2535 693 2623 ἡ
721 2544 784 2605 ΓΛ
815 2538 899 2626 πρὸς
929 2539 991 2626 τὴν
1020 2541 1092 2609 διά-

76 2667 201 2728 μετρον
223 2647 282 2728 τῆς
304 2647 464 2730 σφαίραςε
479 2675 515 2700 ω

146 2838 193 2903 Ac
223 2849 364 2923 σφαῖραι
395 2833 479 2922 πρὸς
510 2835 654 2922 ἀλλήλας
691 2838 728 2904 ἐν
760 2844 970 2923 τριπλασίονι
1002 2841 1091 2932 λόγῳ
1111 2869 1132 2916 1¹

73 2942 143 3012 εἰσὶ
166 2946 233 3010 τάν
258 2943 453 3028 διαμέτρων.

145 3051 295 3115 ἔστωσαν
323 3060 463 3135 σφαῖραι
496 3051 532 3114 αἱ
557 3054 671 3135 ΑΒΓ,
704 3056 819 3136 ΔΒΖ,
850 3050 1022 3139 διάμετροι
1054 3053 1093 3122 δὲ

70 3157 145 3225 τῶν
159 3159 274 3237 ΑΒΓ,
294 3160 396 3220 ΔΕΖ
415 3156 569 3240 σφαιρῶν
589 3158 737 3224 ἔστωσαν
756 3158 793 3223 αι’
805 3162 881 3242 ΒΓ,
900 3163 972 3226 ΒΖ.
994 3159 1091 3245 λέγω,

70 3258 129 3330 ὅτι
152 3256 173 3344 ἡ
197 3264 300 3326 ΑΒΓ
319 3271 446 3346 σφαῖρα
468 3258 552 3347 πρὸς
574 3259 637 3347 τὴν
660 3269 762 3331 ΔΕΖ
785 3276 933 3350 σφαῖραν
956 3271 1090 3352 τριπλα-

70 3371 175 3436 σίονα
198 3363 303 3450 λόγον
327 3370 392 3452 ἔχει
415 3363 498 3452 η’περ
522 3393 543 3453 η
566 3373 633 3434 ΒΓ
651 3367 735 3456 πρὸς
757 3368 820 3457 τὴν
844 3379 915 3439 ΕΖ.

149 3510 176 3574 1)
196 3506 269 3562 Corr.
289 3521 323 3561 ex
343 3503 493 3577 τριπλάσια
511 3524 550 3567 m.
569 3513 595 3564 1.
