2340 3818
350 135 624 187 ELEMENTORUM
642 137 751 187 LIBER
769 139 816 190 XI.
1045 136 1088 200 93

509 312 659 399 axam)

143 434 256 502 Solida
278 438 553 522 parallelepipeda
577 438 819 522 inaequalibus
838 439 971 504 basibus
990 441 1089 506 eollo·

72 549 151 610 eata
172 549 206 609 et
230 544 365 609 eandem
388 544 594 609 altitudinem
612 543 768 609 habentia
786 545 871 610 inter
890 567 924 610 se
942 547 1091 628 aequalia

74 655 162 716 sunt.

144 754 257 822 Solida
278 757 554 841 parallelepipeda
577 763 609 822 A
615 761 658 840 Ε,
681 760 742 821 ΓΖ
765 758 798 822 in
822 757 1012 842 aequalibus
1036 758 1092 822 ba·

73 863 169 928 sibus
194 867 274 947 AB,
292 866 359 928 ΓΔ
382 863 541 929 collocata
564 864 697 928 eandem
716 864 923 929 altitudinem
941 864 1091 930 habeant.

73 970 161 1053 dico,
183 990 254 1034 esse
276 974 345 1034 Aa*
357 999 400 1021 =
414 972 483 1034 ΓΖ.

145 1073 214 1140 Iam
238 1076 329 1159 prius
356 1079 463 1140 rectae
487 1075 665 1139 eminentes
688 1079 768 1158 ΘΚ,
795 1080 873 1159 ΒΕ,
897 1079 981 1160 ΛΗ,
1004 1080 1092 1160 ΛΜ,

76 1186 162 1264 ΟΠ,
182 1186 260 1266 ΔΖ,
280 1181 352 1264 ΓΞ,
371 1186 436 1246 ΡΣ
457 1182 497 1246 ad
516 1182 611 1246 bases
630 1185 708 1264 AB,
728 1185 793 1247 ΓΛ
812 1184 1091 1267 perpendiculares
1138 1267 1141 1271 .

39 1277 44 1293 ’
76 1288 155 1369 sint,
178 1293 211 1352 et
234 1291 323 1352 recta
340 1291 405 1353 ΓΡ
423 1288 458 1351 in
481 1287 637 1352 directum
660 1288 865 1371 producatur,
888 1294 925 1351 ut
942 1289 1000 1352 fiat
1020 1292 1092 1372 PT,

73 1397 110 1458 et
144 1394 183 1458 ad
216 1398 337 1459 rectam
361 1398 426 1457 PT
454 1398 487 1458 et
513 1398 669 1477 puuctum
697 1394 765 1458 eius
793 1397 823 1456 P
847 1394 965 1478 angulo
990 1398 1092 1458 ΑΛΒ

78 1499 226 1584 aequalis
256 1505 462 1565 construatur
484 1506 505 1576 L
524 1504 622 1564 ΤΡΡ
646 1499 689 1584 [1,
711 1501 783 1584 23],
811 1524 827 1566 e
869 1504 1009 1585 ponatur
1032 1504 1096 1564 PT

76 1635 122 1659 =
139 1608 220 1687 ΑΛ,
238 1607 356 1668 Pr=
372 1609 450 1688 ΛΒ,
470 1609 503 1670 et
521 1606 708 1689 expleantur
722 1607 810 1672 basis
826 1611 891 1671 PX
905 1612 937 1670 et
952 1606 1092 1671 solidum

80 1716 162 1776 ΨΥ.
207 1714 241 1774 et
264 1711 417 1793 quoniam
441 1711 522 1776 duae
545 1715 653 1777 rectae
680 1717 751 1796 TP,
780 1716 843 1776 Pr
864 1712 987 1777 duabus
1011 1719 1042 1775 A
1050 1715 1092 1794 A,

77 1822 111 1883 Λ
117 1821 147 1881 Β
161 1816 311 1900 aequales
326 1820 415 1898 sunt,
434 1821 467 1881 et
485 1818 623 1902 angulos
638 1819 789 1903 aequales
808 1817 1093 1900 comprehendunt,

75 1923 423 2009 parallelogrammum
437 1925 503 1987 PX
511 1924 818 2008 parallelogrammo
833 1928 898 1987 ΘΛ
912 1926 945 1986 et
959 1924 1092 2007 aequale

77 2034 113 2096 et
138 2029 243 2095 simile
269 2033 319 2092 est
345 2027 415 2110 [VL
432 2029 497 2110 14].
534 2032 567 2092 et
590 2051 701 2092 rursus
724 2031 878 2112 quoniam
892 2034 960 2093 ΑΛ
971 2060 1013 2082 =
1024 2033 1092 2111 ΡΤ,

77 2138 164 2201 ΛΜ
173 2164 214 2188 =
230 2138 304 2218 ΡΣ,
333 2137 366 2197 et
393 2138 498 2199 rectos
522 2135 659 2219 angulos
683 2134 966 2220 comprehendunt,
989 2138 1093 2220 paral·

75 2242 330 2325 lelogrammum
359 2243 431 2304 ΡΨ
455 2241 760 2324 parallelogrammo
789 2246 870 2306 AM
897 2243 1031 2326 aequale
1061 2247 1093 2308 et

77 2347 188 2413 simile
212 2351 262 2410 est
287 2346 365 2427 [id.].
401 2346 513 2410 eadem
536 2347 574 2412 de
598 2370 695 2413 eausa
718 2348 818 2412 etiam
837 2352 905 2412 ΛΕ
920 2350 1093 2432 parallelo-

77 2473 228 2539 grammo
257 2455 327 2515 ΣΡ
354 2455 388 2515 et
419 2453 551 2536 aequale
585 2457 617 2518 et
649 2453 753 2518 simile
783 2458 842 2519 est.
891 2455 1001 2538 itaque
1028 2456 1092 2520 tria

78 2558 389 2645 parallelogramma
422 2558 517 2623 solidi
548 2563 616 2623 AE
644 2560 748 2624 tribus
779 2560 1091 2645 parallelogrammis

80 2665 177 2731 solidi
196 2669 269 2729 ΨΥ
287 2668 321 2728 et
344 2665 492 2748 aequalia
511 2669 543 2728 et
564 2665 683 2729 similia
702 2671 785 2730 sunt.
821 2688 935 2731 uerum
954 2668 989 2731 in
1003 2672 1093 2732 utro·

153 2823 179 2890 1)
207 2819 286 2874 Prior
307 2819 398 2889 figura
420 2821 503 2875 huius
525 2820 725 2891 propositionis
748 2822 789 2877 ita
811 2839 922 2891 prorsus
952 2823 1093 2895 descripta

79 2895 136 2960 est,
159 2894 192 2946 ut
210 2892 240 2945 in
259 2891 319 2945 eod.
338 2890 361 2943 P
377 2891 533 2959 inuenitur,
556 2891 586 2945 in
605 2909 660 2960 quo
684 2892 713 2946 in
731 2911 786 2963 mg.
807 2892 870 2948 add.
890 2911 926 2947 m.
948 2903 975 2948 1:
998 2915 1040 2964 γρ.
1061 2890 1092 2950 ἐν

79 2959 174 3024 ἄλλοις
192 2983 217 3030 ,γ
238 2961 279 3032 (id
296 2961 372 3029 quod
390 2963 426 3016 ad
440 2963 495 3016 litt.
515 2962 574 3017 siue
593 2963 787 3031 compendium
806 2965 821 3018 ὅ
842 2964 1016 3019 referendum
1031 2970 1093 3034 eat),

78 3033 133 3088 nisi
157 3032 234 3103 quod
257 3032 377 3087 solidum
396 3036 449 3087 AE
471 3032 511 3087 ibi
534 3051 590 3088 non
613 3033 683 3089 satis
705 3034 837 3089 adcurate
857 3036 1026 3104 descriptum
1047 3037 1093 3091 hie

78 3104 260 3160 emendatum
280 3105 329 3158 est.

78 3245 356 3317 AA]Aecorr.b.
410 3247 703 3372 21.AM)Aecorr‚
722 3249 749 3302 b.
804 3248 1091 3318 22.ZY]Yinras.

79 3315 111 3370 B.
167 3321 210 3371 23.
229 3311 264 3369 τὰ
283 3317 346 3381 τρία
361 3315 390 3370 F.
463 3322 506 3371 24,
543 3336 602 3371 στιν
617 3317 646 3370 Ρ.
719 3323 761 3373 25.
781 3315 845 3386 μέν]
861 3317 1046 3387 suprascr.F
1065 3322 1094 3372 et

80 3406 118 3441 m.
138 3392 154 3440 2
175 3387 204 3440 Β.
260 3383 432 3441 ὑπεναντίον
447 3385 476 3441 F.
532 3389 604 3442 Ante
623 3390 671 3441 ἴσα
689 3388 719 3441 in
737 3388 756 3441 b
775 3384 809 3441 τὰ
825 3386 856 3442 δὲ
871 3389 935 3458 τρία
950 3389 1021 3457 τρισὶ
1035 3396 1093 3450 τοῖς
1138 3445 1140 3449 ,

79 3453 252 3512 ὑπεναντίον
271 3459 299 3526 (υ
318 3474 387 3513 corr.
405 3459 435 3512 in
454 3478 472 3511 α
490 3476 527 3513 m.
549 3463 574 3528 1)
593 3459 648 3514 del.
666 3477 704 3513 m.
723 3464 747 3512 2.
