2340 3818
64 147 129 212 104
434 150 636 202 ΣΤοΙΧΕΙαΝ
655 146 706 203 ια’.

63 288 360 376 αλληλόγραμμοα,
388 288 433 369 ὡς
461 291 499 358 δὲ
527 288 547 377 ἡ
571 297 643 358 ΗΕ
666 289 751 379 πρὸς
777 290 840 377 τὴν
863 298 945 376 ΕΛ,
973 290 1076 359 οὗτοι
1090 333 1160 384 ς

62 394 100 463 τὸ
124 402 199 463 ΗΚ
219 395 302 482 πρὸς
324 395 362 463 τὸ
387 403 472 487 ΚΛ,
498 394 543 477 ὡς
566 398 604 465 δὲ
628 395 648 483 ἡ
673 404 738 464 ΘΕ
757 395 842 484 πρὸς
859 404 950 482 ΕΜ,
974 395 1145 488 οὕτως

63 506 101 571 τὸ
126 510 197 569 HE
221 500 305 591 πρὸς
330 500 368 570 τὸ
392 509 479 569 ΚΜ·
508 505 564 570 καὶ
592 501 637 583 ὡς
664 501 730 588 ἄρα
756 502 794 571 τὸ
818 511 895 571 ΑΗ
912 511 1143 596 παραλλη-

63 608 260 697 λόγραμμον
282 632 367 696 προς
388 611 426 677 τὸ
449 616 539 694 ΗΚ,
564 608 670 689 οὕτως
692 636 730 677 το
754 616 828 676 ΗΚ
849 612 935 697 πρὸς
957 607 997 677 τὸ
1018 615 1142 683 ΚΛ

30 716 119 788 ὅκαὶ
141 717 180 782 τὸ
204 721 276 781 ΠΕ
295 711 379 802 πρὸς
401 717 439 783 τὸ
462 722 548 782 ΚΜ.
589 713 663 783 ἀλλ’
689 712 734 795 ὡς
757 714 818 800 μὲν
841 714 878 783 τὸ
902 723 979 784 ΑΗ
997 720 1138 804 πρὸς

64 820 101 889 τὸ
126 825 212 904 ΗΚ,
241 817 347 899 οὕτως
368 823 406 888 τὸ
432 828 495 888 ΑΒ
520 824 657 910 στερεὸν
679 825 764 907 πρὸς
785 825 823 890 τὸ
847 825 912 898 ΕΞ
933 822 1132 909 στερεόν,

65 925 110 1006 ὡς
138 926 176 994 δὲ
202 927 240 993 τὸ
262 933 337 993 ΗΚ
362 931 446 1014 πρὸς
472 930 510 994 τὸ
539 934 623 1013 KA,
657 926 763 1007 οὕτως
789 930 826 996 τὸ
855 931 919 1004 ΞΕ
944 931 1147 1014 στερεὸν.

65 1035 149 1120 πρὸς
174 1030 212 1098 τὸ
242 1038 313 1098 HA
336 1031 483 1120 στερεόν,
511 1030 555 1112 ὡς
583 1033 621 1101 δὲ
647 1037 685 1102 τὸ
714 1041 786 1101 ΠΕ
809 1036 893 1122 πρὸς
921 1036 959 1102 τὸ
990 1038 1128 1111 KM‘,

66 1137 173 1216 οὕτως
194 1140 231 1206 τὸ
256 1145 328 1204 HA
355 1141 490 1226 στερεὸν
513 1141 597 1227 πρὸς
623 1143 661 1208 τὸ
687 1147 765 1207 Κο’
781 1139 930 1227 στερεόν
957 1140 1015 1207 παὶ
1034 1137 1131 1216 (ὗε

14 1271 47 1320 10
66 1244 132 1332 ἄρα
154 1247 191 1312 τὸ
207 1252 272 1312 ΑΒ
295 1243 432 1330 στερεὸν
454 1248 539 1333 πρὸς
560 1248 598 1312 τὸ
623 1249 699 1330 ΕΞ,
724 1245 831 1325 οὕτως
852 1244 889 1314 τὸ
914 1248 980 1322 ΕΞ
998 1248 1131 1333 πρὸς

66 1354 103 1418 τὸ
128 1357 198 1417 HA
221 1352 276 1417 καὶ
299 1353 336 1418 τὸ
356 1356 422 1416 HA
444 1353 528 1438 πρὸς
551 1354 587 1420 τὸ
609 1358 643 1418 Κ
649 1358 685 1420 0.
723 1355 782 1420 ἐὰν
806 1352 844 1421 δὲ
866 1354 1010 1441 τέσσαρα
1026 1376 1088 1438 με·
1103 1380 1129 1393 -

67 1459 152 1543 γέθη
184 1459 267 1524 κατὰ
292 1459 330 1525 τὸ
359 1457 494 1544 συνεχὲς
516 1453 686 1542 ἀνάλογον
708 1449 747 1545 ᾖ,
777 1457 814 1525 τὸ
840 1461 974 1543 πρῶτον
1000 1459 1130 1545 πρὸς

67 1561 104 1631 τὸ
128 1564 285 1651 τέταρτον
303 1570 522 1650 τριπλασίονα
541 1564 644 1648 λόγον
664 1568 728 1649 ἔχει
747 1562 830 1651 ἥπερ
849 1563 933 1649 πρὸς
950 1562 988 1632 τὸ
1007 1558 1127 1631 δαῦ-

68 1691 179 1756 περοα
206 1669 244 1736 τὸ
267 1675 334 1735 AB
358 1667 423 1756 ἄρα
447 1665 582 1754 στερεὸν
605 1665 689 1755 πρὸς
711 1670 749 1736 τὸ
773 1675 841 1736 ΚΟ
862 1674 1127 1753 τριπλασίονα

16 1799 49 1848 15
69 1774 172 1860 λόγον
200 1779 265 1861 ἔχει
293 1773 377 1861 ἥπερ
404 1775 442 1841 τὸ
470 1780 535 1841 AB
567 1772 651 1857 πρὸς
681 1775 719 1842 τὸ
748 1777 818 1850 ΕΞ.
869 1772 944 1843 ἀλλ’
975 1773 1019 1854 ὥς
1042 1768 1125 1843 15⁴3

70 1888 134 1949 AB
162 1882 246 1969 πρὸς
271 1883 309 1948 τὸ
333 1882 409 1964 ΕΞ,
441 1876 547 1957 οὕτως
573 1878 611 1947 τὸ
635 1887 711 1946 ΑΗ
733 1880 1125 1967 παραλληλόγραμμων

68 1989 151 2075 πρὸς
177 1989 213 2055 τὸ
236 1993 311 2053 ΗΚ
336 1987 392 2053 καὶ
419 1984 440 2071 ἡ
463 1992 531 2053 ΑΕ
552 1983 669 2053 εὐθεῖα
692 1985 774 2074 πρὸς
804 1987 867 2072 τὴν
891 1993 971 2054 ΕΚ·
1000 1983 1123 2053 ὥστε

68 2095 123 2160 καὶ
151 2096 188 2161 τὸ
213 2100 277 2160 AB
306 2094 441 2180 στερεὸν
468 2094 550 2179 πρὸς
579 2094 617 2160 τὸ
641 2099 708 2159 ΚΟ
734 2097 954 2180 τριπλασίονα
981 2090 1121 2178 λόγον

71 2204 136 2285 ἔχει
159 2196 242 2285 ἤπερ
266 2195 287 2282 ἡ
310 2206 380 2265 ΑΕ
401 2200 483 2286 πρὸς
505 2200 568 2285 τὴν
587 2205 662 2266 ΕΚ.
700 2206 776 2266 ἴσον
796 2198 833 2266 δὲ
851 2201 888 2266 τὸ
908 2197 997 2285 [μὲν]
1017 2204 1055 2265 Κ
1068 2192 1119 2255 0

17 2331 52 2379 20
72 2305 207 2391 στερεὸν
228 2308 274 2394 τῷ
298 2309 331 2369 Γ
333 2313 365 2369 Δ
388 2308 526 2394 στερεῷ,
549 2302 569 2389 ἡ
595 2304 632 2371 δὲ
651 2311 720 2371 ΕΚ
737 2302 855 2372 εὐθεῖα
872 2308 912 2392 τῇ
932 2311 1005 2373 ΓΖ·
1028 2293 1116 2371 καὶ

71 2413 108 2478 τὸ
128 2417 192 2477 ΑΒ
216 2407 281 2493 ἄρα
305 2411 440 2494 στερεὸν
462 2410 545 2492 πρὸς
567 2410 604 2476 τὸ
622 2415 689 2475 ΓΛ
713 2411 849 2494 στερεὸν
866 2415 1115 2497 τριπλασίονα

72 2516 175 2602 λόγον
200 2521 265 2602 ἔχει
288 2514 372 2601 ἥπερ
391 2513 412 2599 ἡ
433 2512 597 2599 ὁμόλογος
615 2512 721 2581 αὐτοῦ
740 2518 865 2599 πλευρὰ
884 2515 904 2601 ἡ
924 2523 989 2583 ΑΕ
1004 2512 1118 2603 πρὸς

71 2625 133 2710 τὴν
157 2620 325 2708 ὁμόλογον
347 2621 495 2705 πλευρὰν
517 2621 579 2706 τὴν
602 2627 671 2687 ΓΖ.

145 2730 191 2795 Τὰ
214 2727 278 2814 ἄρα
303 2725 402 2813 ὅμοια
425 2728 541 2811 στερεὰ
564 2730 875 2813 παραλληλεπίπεδα
899 2728 936 2794 ἐν
954 2734 1113 2815 τριπλα-

21 2862 54 2911 25
74 2841 163 2902 σίονι
192 2833 280 2924 λόγῳ
310 2832 379 2900 ἐστὶ
406 2835 474 2899 τῶν
502 2829 679 2918 ὁμολόγων
707 2836 873 2917 πλευρῶν·
906 2833 988 2920 ὅπερ
1019 2834 1114 2902 ἔδεῡ

75 2941 188 3020 δεῖξαι.

482 3043 678 3131 Πόρισμα.

139 3149 193 3218 Ἐκ
217 3153 259 3237 δὴ
282 3149 403 3217 τούτου
426 3149 593 3237 φανερόν,
622 3148 673 3216 ὅτι
698 3151 755 3216 ἐὰν
777 3151 933 3235 τέσσαρες
956 3148 1114 3220 εὐθεῖαί·

75 3258 243 3342 ἀνάλογον
268 3249 363 3341 ὦσιν,
387 3261 477 3323 ἔσται
500 3253 545 3334 ὡς
567 3251 588 3341 ἡ
607 3253 720 3342 πρώτη
739 3257 821 3342 πρὸς
839 3258 899 3343 τὴν
916 3258 1112 3346 τετάρτην,

148 3424 170 3471 1.
193 3417 261 3487 ΗΕ]
283 3433 351 3470 corr.
371 3433 404 3470 ex
423 3417 482 3468 NE
501 3433 537 3467 m.
559 3420 572 3466 1
592 3415 618 3468 b.
722 3419 747 3468 2.
766 3411 818 3482 τὴν
837 3417 904 3468 ΕΜ
921 3401 988 3472 ij

65 3495 90 3540 3,
111 3489 187 3542 Post
204 3489 268 3572 HE
284 3487 349 3548 add.
369 3482 659 3558 παραλληλόγραμμον
679 3483 705 3539 V
724 3486 754 3539 et
770 3503 806 3539 m.
826 3502 879 3542 rec.
898 3484 927 3540 F.
1011 3493 1039 3542 5.
1060 3463 1109 3531 d
