2272 3796
85 113 151 178 332
459 111 660 167 ΣΤΟΙΧΕΙΩΝ
678 110 729 182 ιγ’.

84 261 205 341 μείζων
229 253 294 343 ἄρα
317 255 408 324 έστίν
430 251 451 341 ἡ
476 259 544 322 ΓΚ
564 257 623 340 τῆς
640 259 711 322 ΓΔ.
748 259 874 323 κείσθω
896 258 935 342 τῇ
952 261 1009 324 ΓΚ
1024 261 1059 338 ἰσιγ
1121 251 1127 258 ’

85 360 106 450 ἡ
133 368 209 444 ΓΛ,
236 361 292 429 καὶ
320 358 385 428 άπὸ
414 365 476 427 τοῦ
500 368 531 427 Λ
557 364 598 448 τῇ
622 368 689 428 AB
717 359 802 446 πρὸς
832 359 939 448 ὀρθάς
958 355 1061 449 ἤγθωὴ
1121 377 1127 433 ξ’

86 477 179 554 ΛΜ,
206 468 261 536 καί
290 466 476 552 ἐπεζεύχθω
503 463 524 552 ἡ
550 473 631 534 ΜΒ.
676 467 733 534 καί
760 467 831 536 έπεὶ
854 465 1063 536 πενταπλάσιόν
1123 464 1127 520 ἷ

86 579 154 645 ἐστι
181 574 219 642 τὸ
248 571 314 641 άπὸ
342 576 401 658 τῆς
423 578 490 640 ΒΓ
512 576 574 640 τοῦ
596 570 664 640 άπὸ
687 584 745 660 τῆς
769 580 851 661 ΓΚ,
873 582 933 644 καί
952 577 1014 644 ἐστι
1029 575 1064 657 τῆς
1123 594 1127 614 ²

50 681 149 769 σμὲν
161 686 228 749 ΒΓ
248 684 347 765 διπίῆ
370 676 487 766 ἡΑΒ,
509 682 568 764 τῆς
592 677 629 746 δὲ
644 685 711 747 ΓΚ
728 683 829 767 διπλῆ
848 679 869 767 ἡ
885 687 962 768 ΚΛ,
983 702 1066 749 πινα-
1124 722 1127 749 ι,

86 787 230 856 πλάσιον
257 785 323 872 ἄρα
351 784 420 853 ἐστὶ
446 783 484 853 τὸ
508 782 575 853 άπὸ
598 795 658 872 τῆς
680 793 748 854 ΑΒ
775 791 837 855 τοῦ
860 787 927 856 άπὸ
949 791 1005 873 τῆς
1022 787 1068 852 ΚΛ.

87 904 157 963 ἔστι
180 893 218 962 δὲ
240 893 295 960 καί
318 889 339 978 ἡ
367 896 426 979 τῆς
452 897 597 978 σφαίρας
620 889 799 981 διάμετρος
822 892 965 981 δυνάμει
987 913 1071 961 πεισι-

86 1007 237 1070 πίασίων
263 1002 321 1085 τῆς
347 1000 384 1067 έκ
409 1002 472 1067 τοῦ
493 999 635 1087 κέντρου
656 1003 718 1066 τοῦ
741 999 883 1086 κύκλου,
911 998 971 1087 ἀφ’
999 989 1074 1068 οὗιὸ

86 1106 305 1195 εἰκοσάεδρον
335 1102 591 1194 ἀναγέγραπται.
641 1111 700 1173 καί
727 1107 819 1174 ἑστιν
851 1103 872 1193 ἡ
900 1114 968 1175 AB
994 1103 1075 1193 ἡιῆς

36 1234 68 1286 10
87 1221 232 1302 σφαίρας
260 1211 443 1299 διάμετρος·
475 1209 496 1299 ἡ
525 1219 590 1280 ΚΛ
619 1211 685 1302 ἄρα
713 1215 748 1281 έκ
775 1217 839 1282 τοῦ
866 1215 1006 1299 κέντρου
1028 1203 1078 1278 ἐστὶ

85 1325 147 1389 τοῦ
169 1319 311 1405 κύκλου,
339 1317 399 1405 ἀφ’
430 1311 472 1387 οὗ
494 1318 532 1387 τὸ
557 1319 774 1408 εἰκοσάεδρον
797 1305 1080 1409 ἀναγέγραπταιῆ

86 1433 150 1494 ΚΛ
172 1424 237 1513 άρα
261 1425 433 1512 ἑξαγώνου
456 1425 524 1494 ἐστὶ
547 1423 675 1514 πλευρὰ
691 1427 753 1494 τοῦ
772 1427 952 1514 εἰρημένου
969 1424 1079 1493 κύκλου.

86 1534 141 1601 καί
166 1535 235 1602 ἐπεὶ
259 1530 280 1619 ἡ
302 1535 361 1618 τῆς
385 1536 530 1620 σφαίρας
553 1531 731 1618 διάμετρος
749 1529 920 1618 σύγκειται
940 1537 975 1599 έιι
992 1556 1024 1599 τε
1037 1527 1080 1611 τῆς

86 1645 148 1708 τοῦ
176 1638 346 1726 ἑξαγώνου
373 1638 429 1705 καί
457 1637 520 1705 δύο
553 1648 622 1706 τών
649 1642 710 1706 τοῦ
738 1636 935 1723 δεκαγώνου
962 1640 1026 1705 τών
1046 1632 1082 1707 εἰς

37 1764 68 1813 15
87 1745 148 1815 τὸν
172 1747 350 1836 εἰρημένον
372 1744 497 1812 κύκλον
521 1745 794 1832 ἐγγραφομένων,
816 1749 876 1811 καί
891 1745 983 1813 έστιν
1000 1739 1019 1827 ἡ
1035 1735 1080 1826 μὲν

88 1860 153 1921 ΑΒ
185 1851 206 1939 ἡ
238 1855 296 1938 τῆς
327 1856 472 1938 σφαίρας
500 1849 691 1939 διάμετρος,
721 1845 742 1935 ἡ
771 1848 809 1917 δὲ
836 1854 871 1916 K
876 1857 907 1916 A
935 1845 1081 1938 ἑξαγώνου

88 1959 227 2047 πλευρά,
249 1958 305 2027 καί
329 1965 385 2043 ἰση
407 1952 516 2043 ἡΑΚ
532 1958 572 2044 τῇ
587 1962 667 2042 ΛΒ,
691 1955 828 2043 ἑκατέρα
846 1954 914 2044 άρα
931 1958 999 2023 τών
1016 1953 1080 2030 AK,

89 2073 153 2132 AB
178 2063 372 2150 δεκαγώνου
390 2062 459 2131 έστί
478 2060 604 2149 πλευρὰ
623 2064 684 2130 τοῦ
704 2062 960 2149 ἐγγραφομένου
979 2065 1023 2140 εἰς
1037 2053 1082 2125 τὸν

87 2169 228 2255 κύκλον,
260 2168 321 2257 ἀφ’
357 2161 399 2237 οὗ
430 2167 467 2235 τδ
498 2166 714 2256 εἰκοσάεδρον
742 2163 999 2256 ἀναγέγραπται.
1043 2157 1083 2231 καί
1124 2214 1127 2247 ,

36 2295 69 2344 20
89 2277 159 2344 ἐπεὶ
183 2274 377 2361 δεκαγώνου
400 2273 462 2362 μὲν
485 2271 505 2362 ἡ
530 2280 611 2360 ΑΒ,
640 2272 811 2359 ἑξαγώνου
835 2273 873 2342 δὲ
895 2271 916 2360 ἡ
941 2280 1023 2342 ΜΛ·
1044 2278 1084 2351 ἰσγ

88 2381 152 2469 γάρ
176 2382 245 2448 ἐστι
262 2390 302 2468 τῇ
318 2385 398 2464 ΚΛ,
423 2380 493 2447 ἐπεὶ
511 2381 567 2448 καί
585 2383 625 2469 τῇ
640 2387 720 2447 ΘΚ·
744 2387 820 2448 ἴσον
838 2377 904 2467 γάρ
924 2377 1086 2466 ἀπέχουσιν

88 2484 153 2556 άπὸ
182 2489 243 2554 τοῦ
270 2485 425 2573 κέντρον·
458 2492 518 2555 καί
543 2489 633 2556 ἐστιν
665 2485 803 2571 ἑκατέρα
829 2489 898 2554 τών
926 2491 1007 2570 ΘΚ,
1033 2484 1088 2552 ΚΛ

89 2597 275 2661 διπλασίων
307 2596 367 2679 τῆς
394 2598 472 2660 ΚΓ·
504 2592 722 2679 πενταγώνου
754 2591 820 2681 ἄρα
852 2592 945 2660 ἐστὶν
972 2589 993 2678 ἡ
1022 2592 1091 2659 ΜΒ.

87 2697 108 2786 ἡ
134 2699 171 2768 δὲ
193 2703 254 2767 τοῦ
277 2698 495 2785 πενταγώνου
518 2700 608 2767 έστίν
631 2699 651 2785 ἡ
676 2702 737 2767 τοῦ
761 2699 994 2786 εἰκοσαέδρου·
1021 2701 1093 2765 εἰκο-

36 2820 69 2869 25
89 2808 235 2890 σαὲδρου
259 2804 325 2891 άρα
349 2805 439 2874 ἐστὶν
462 2803 483 2892 ἡ
507 2812 588 2872 ΜΒ.

155 2912 224 2978 Καὶ
257 2910 326 2978 ἐπεὶ
359 2909 379 2997 ἡ
413 2919 474 2979 ΖΒ
507 2912 614 2997 κύβου
647 2911 716 2979 ἐστὶ
747 2909 891 2996 πίευρά,
928 2910 1096 2997 τετμήσθω

89 3015 194 3103 άκρον
217 3017 273 3085 καί
300 3018 404 3104 μέσον
431 3016 534 3103 λόγον
560 3016 641 3084 κατὰ
665 3015 704 3085 τὸ
728 3023 778 3102 Ν,
805 3015 860 3084 καί
885 3020 968 3084 ἔστω
992 3021 1096 3104 μεῖζον

89 3128 201 3210 τμῆμα
222 3122 260 3191 τὸ
284 3130 366 3191 ΝΒ·
394 3120 416 3209 ἡ
439 3129 508 3191 ΝΒ
531 3121 597 3210 άρα
620 3124 854 3211 δωδεκαέδρου
878 3122 947 3191 έστί
970 3119 1099 3210 πλευρά.

89 3286 303 3297 ——..-

161 3376 184 3424 1.
203 3373 299 3441 μεῐζον
319 3370 351 3426 V.
417 3365 493 3425 ἑστίν
513 3365 568 3440 ἄρα
587 3388 613 3439 q.
680 3371 750 3442 ΓΚ]
770 3373 829 3425 ΚΓ
845 3369 879 3425 V.
945 3371 1015 3443 ΓΚ]
1035 3387 1099 3426 corr.

78 3457 116 3497 ex
131 3445 197 3499 ίίΓ
215 3443 243 3500 V.
330 3448 356 3502 4.
378 3435 454 3501 ἑστιν
472 3441 505 3500 P.
589 3441 698 3498 RN.
783 3439 909 3493 ἒστιυῖ.
985 3449 1013 3496 ἱ.
1030 3439 1099 3496 ἔστιν
