2340 3818
312 135 587 186 nonnumquam
605 138 714 188 urana
732 139 806 192 xm.
1004 138 1069 204 269

53 286 101 360 A,
130 281 163 343 Γ
187 278 303 362 positis
337 278 482 363 aequalis
515 282 573 343 est.
627 279 740 344 eadem
772 281 811 345 de
844 304 942 346 causa
971 285 1070 350 etiam

53 387 195 461 [ΑΒΓ
213 384 341 468 angulis
366 384 406 448 ad
430 391 475 466 A,
493 387 529 466 F,
550 390 583 448 Δ
602 387 718 468 positis
739 387 882 470 aequalis
902 392 960 453 est.
993 410 1069 474 ergo

53 495 278 576 pentagonum
311 492 479 554 ΑΒΓΔΕ
505 491 757 576 aequiangulum
790 495 852 576 est3
883 494 968 576 quod
1001 500 1071 561 erat

54 596 351 662 demonstrandum.

542 789 632 855 VIII.

124 913 160 979 si
186 915 220 978 in
249 918 435 998 pentagono
469 915 668 998 aequilatero
701 919 734 980 et
766 916 981 1002 aequiangulo
1011 918 1070 981 sub

57 1021 183 1086 duobus
222 1019 350 1106 angulis
388 1019 537 1104 deinceps
574 1021 690 1104 positis
726 1025 831 1087 rectae
865 1022 1072 1106 subtendunt,

55 1128 142 1192 inter
165 1149 200 1192 se
223 1126 400 1192 secundum
422 1127 582 1190 rationem
606 1129 784 1192 extremam
807 1150 846 1193 ao
864 1128 1005 1193 mediam
1024 1150 1072 1192 se·

56 1237 147 1315 cant,
179 1236 212 1297 et
244 1235 353 1316 partes
387 1253 498 1296 earum
526 1232 665 1297 maiores
693 1233 844 1317 aequales
873 1239 950 1300 sunt
976 1235 1072 1300 lateri

57 1338 244 1423 pentagoni.

128 1444 214 1511 Nam
257 1445 292 1508 in
327 1447 514 1528 pentagono
552 1444 750 1528 aequilatero
788 1448 821 1510 et
858 1447 1072 1530 aequiangulo
1123 1478 1126 1483 ·

481 1552 653 1614 ΑΒΓΔΕ
688 1551 747 1615 sub
784 1552 910 1616 duobus
941 1552 1072 1635 angulis

484 1655 524 1720 ad
543 1661 588 1740 A,
611 1661 639 1721 Β
659 1655 807 1740 deinceps
831 1657 947 1741 positis
965 1661 1073 1722 rectae

483 1763 556 1845 ΑΓ,
593 1765 659 1825 ΒΕ
689 1762 886 1827 subtendent
918 1763 1003 1827 inter
1039 1783 1073 1827 se

434 1904 439 1939 :
484 1868 629 1931 secantes
667 1867 701 1930 in
741 1871 861 1951 puncto
898 1871 934 1931 Β.
995 1867 1074 1952 dico,

483 1975 653 2055 utramque
699 1972 873 2037 seeundum
913 1973 1074 2037 rationem

484 2081 662 2142 extremam
699 2099 735 2142 ac
772 2077 912 2142 mediam
953 2083 1075 2143 sectam

491 2394 586 2459 lateri
609 2396 797 2479 pentagoni.

129 2501 412 2566 circumscribatur
431 2490 516 2564 enim
535 2501 654 2566 circum
668 2506 733 2566 ΑΒ
743 2505 841 2567 ΓΔΕ
856 2508 1076 2588 pentagonum

58 2609 200 2674 circulus
224 2609 397 2672 ΑΒΓΔΕ
424 2604 495 2686 [IV‚
525 2607 590 2686 14].
646 2611 678 2671 et
706 2608 859 2691 quoniam
889 2609 951 2675 duo
975 2611 1078 2674 latera

61 2718 142 2796 EA,
170 2716 236 2777 AB
260 2713 385 2777 duobus
408 2716 489 2796 AB,
515 2713 582 2776 ΒΓ
601 2713 748 2798 aequalia
772 2720 904 2779 suntet
928 2717 1077 2799 aequales

60 2819 200 2901 angulos
224 2817 512 2901 comprehendunt,
546 2818 608 2882 erit
629 2822 695 2882 ΒΕ
709 2849 750 2872 =
765 2823 843 2898 ΑΓ,
874 2825 906 2885 et
928 2819 963 2889 Δ
977 2825 1080 2886 ΑΒΕ

62 2954 106 2976 --
121 2927 229 3007 ΑΒΓ,
266 2926 298 2988 et
330 2923 446 3007 reliqui
480 2923 591 3009 anguli
608 2994 612 3001 ,
627 2923 763 3007 reliquis
797 2926 947 3009 aequales
984 2931 1079 2992 erunt

62 3029 185 3115 singuli
216 3029 369 3113 singulis,
401 3030 460 3093 sub
494 3031 611 3113 quibus
640 3031 790 3113 aequalia
817 3030 922 3095 latera
950 3033 1078 3097 subten-

64 3135 143 3199 dunt
168 3135 210 3218 [1,
233 3136 277 3217 4].
324 3137 774 3219 itaqueLBAF=ABE.
819 3143 1081 3220 quarelAtlE

61 3346 105 3394 γρ.
125 3327 172 3393 l‘oq
191 3320 247 3393 doc
266 3322 283 3394 ἡ
304 3321 359 3381 ὑπὸ
375 3331 456 3381 ΑΒΕ
474 3327 523 3382 aul
541 3323 559 3396 ἡ
575 3330 658 3383 ΑΘΕ
678 3325 734 3395 ἄρα
754 3329 837 3398 διπλῆ
859 3325 917 3384 ἐστι
935 3331 984 3398 τῆς
1003 3332 1080 3385 ΒΑΘ

63 3398 169 3463 γωνάς
189 3392 272 3458 ἐκτὸς
290 3393 343 3464 γάρ
364 3393 422 3451 ἐστι
439 3398 491 3452 τοῦ
509 3401 589 3453 ΑΒΘ
608 3395 753 3466 τριγώνου.
854 3407 896 3455 25.
918 3397 1005 3471 ἐστίν]
1024 3418 1078 3458 om.

61 3466 120 3535 Vq.
194 3467 294 3539 γωνία]
316 3483 369 3522 om.
389 3485 416 3536 q.
490 3469 572 3537 διπλῆ
593 3465 664 3541 ἄρα]
682 3486 736 3524 om.
755 3488 783 3539 q.
