2340 3818
100 216 168 280 254
472 220 676 274 ΣΤΟΙΧΕΙΩΝ
693 216 741 290 ιγ’.

532 416 683 500 Λῆμμα.

158 535 229 607 Ὅτι
248 537 285 606 δὲ
304 535 324 624 ἡ
345 540 444 623 διττίῆ
464 547 522 624 τῆς
540 543 609 605 ΑΓ
622 545 742 625 μείζων
761 537 830 637 ἐστὶ
849 546 908 624 τῆς
921 542 989 621 ΒΓ,
1009 533 1115 614 οὕτως

100 647 258 713 δεικτέον.

167 755 211 818 Ee
237 749 301 840 γὰρ
330 748 391 836 μή,
419 755 518 834 ἔστω,
546 753 577 817 εί
605 749 765 833 δυνατόν,
793 746 813 836 ἡ
838 754 903 815 ΒΓ
927 751 1030 832 διττίῆ
1059 750 1114 831 τῆς

65 863 170 924 σΓΑ.
215 853 456 941 τετραπλάσιον
485 854 549 942 ἄρα
571 854 609 923 τὸ
630 854 695 924 ἀπὸ
718 858 777 942 τῆς
800 859 865 922 ΒΓ
883 858 944 922 τοῦ
968 850 1035 922 ἀπὸ
1058 864 1115 939 τῆς

101 968 174 1030 ΓΑ·
204 961 429 1030 πενταπλάσια
453 959 518 1049 ἄρα
541 959 581 1028 τὰ
606 958 670 1030 ἀπὸ
694 971 762 1030 τῶν
787 966 858 1046 ΒΓ,
884 965 943 1027 ΓΑ
964 964 1027 1027 τοῦ
1050 957 1113 1026 ἀπὸ

99 1079 158 1156 τῆς
185 1075 254 1138 ΓΑ.
303 1065 475 1135 ὑπόκειται
508 1067 545 1135 δὲ
576 1067 632 1135 καὶ
663 1067 701 1136 τὸ
730 1063 795 1134 ἀπὸ
824 1070 882 1152 τῆς
906 1073 972 1133 ΒΑ
998 1090 1116 1133 πεντα-

100 1176 245 1244 πλάσιον
272 1177 333 1241 τοῦ
356 1170 415 1240 ἀντὶ
447 1176 506 1259 τῆς
529 1179 602 1241 ΓΑ·
632 1173 669 1240 τὸ
694 1171 761 1261 ἄρα
784 1168 849 1240 ἀπὸ
873 1175 931 1257 τῆς
954 1179 1017 1238 ΒΑ
1040 1180 1116 1240 ίσον

102 1281 170 1348 ἐστὶ
193 1292 263 1359 τοῖς
287 1275 352 1346 ἀπὸ
375 1282 443 1346 τῶν
463 1284 535 1364 ΒΓ,
558 1284 632 1346 ΓΑ·
656 1276 736 1366 ὅπερ
756 1276 935 1347 ἀδύνατον.
968 1275 1032 1344 οὐκ
1051 1276 1115 1364 ἄρα

49 1385 121 1473 1οὴ
150 1391 210 1452 ΓΒ
239 1389 397 1452 διπλασία
424 1385 493 1452 ἐστὶ
520 1395 578 1472 τῆς
606 1390 680 1452 ΑΓ.
730 1382 853 1471 ὁμοίως
881 1382 924 1470 δὴ
952 1387 1117 1470 δείξομεν,

102 1489 152 1560 ὅτι
176 1487 256 1558 οὐδὲ
279 1486 299 1575 ἡ
324 1488 470 1562 ἐλάττων
492 1493 551 1576 τῆς
574 1495 631 1558 ΓΒ
656 1495 842 1559 διπλασίων
866 1491 935 1559 ε’στὶ
957 1493 1018 1577 τῆς
1043 1495 1115 1558 ΓΑ·

101 1604 213 1688 πολλῷ
237 1594 302 1685 γὰρ
328 1601 466 1682 [μεῖζον]
491 1594 528 1663 τὸ
553 1593 689 1665 ἄτοπον.

162 1699 209 1769 Ἡ
231 1700 297 1789 ἄρα
324 1704 383 1788 τῆς
405 1706 473 1768 ΑΓ
493 1705 592 1786 διτλῆ
616 1708 735 1787 μείζων
759 1701 828 1770 ἐστὶ
850 1706 908 1788 τῆς
931 1708 1007 1770 ΓΒ·
1037 1700 1118 1790 ὅπερ

102 1814 169 1877 ἔδει
192 1811 307 1890 δείξαι.

51 1970 83 2017 15
549 1994 552 1999 ·
588 1947 631 2035 γ’.

165 2072 253 2141 Ἐὰν
278 2070 417 2142 εὐθεῖα
440 2073 597 2162 γραμμὴ
622 2072 745 2161 ἄκρον
767 2073 832 2140 καὶ
855 2073 976 2158 μέσον
995 2072 1119 2159 λόγον

101 2183 248 2266 τμηθῇ,
271 2177 313 2247 τδ
338 2184 507 2248 ἔλασσον
529 2182 657 2266 τμῆμα
679 2177 910 2265 προσλαβὸν
933 2176 1006 2264 τὴν
1032 2177 1119 2266 ἡμί-

103 2303 215 2351 σειαν
234 2287 303 2350 τοῦ
322 2290 503 2369 μείζονος
521 2283 1119 2377 τμήματοςπενταπλασιονρδύ-

103 2415 218 2457 ναται
241 2392 312 2456 τοῦ
336 2387 408 2456 ἀπὸ
433 2401 501 2476 τῆς
524 2389 705 2476 ἡμισείας
725 2395 795 2459 τοῦ
818 2395 1003 2476 μείζονος
1027 2388 1119 2477 τμή-

50 2518 84 2567 20
103 2522 221 2582 ματος
243 2494 505 2581 τετραγώνου.

171 2599 300 2668 Βύθεῑα
332 2598 398 2686 γοίρ
429 2626 478 2680 τις
508 2597 529 2685 ἡ
558 2607 623 2667 ΑΒ
656 2599 761 2689 ἄκρον
793 2603 848 2670 καὶ
881 2604 984 2688 μέσον
1016 2602 1118 2688 λόγον

102 2705 277 2791 τετμήσθω
301 2704 383 2772 κατὰ
408 2704 444 2773 τὸ
465 2711 496 2772 Γ
516 2720 671 2792 σημεῖον,
693 2708 748 2773 καὶ
773 2713 855 2775 ἔστω
875 2713 987 2794 μεῖζον
1007 2711 1118 2795 τμῆμα

103 2810 140 2879 τὸ
166 2817 240 2896 ΑΓ,
268 2811 323 2878 καί
346 2810 522 2898 τετμήσθω
546 2809 566 2898 ἡ
590 2818 658 2879 ΑΓ
678 2817 754 2899 δίχα
776 2814 860 2881 κατὰ
882 2811 919 2881 τὸ
945 2823 993 2879 A·
1021 2816 1118 2900 λέγω,

104 2915 154 2985 ὅτι
173 2916 420 2985 πενταπλάσιόν
440 2920 512 2985 έστι
527 2916 564 2985 τὸ
585 2916 649 2985 ἀπὸ
663 2921 723 3005 τῆς
736 2926 799 2986 BA
812 2923 874 2987 τοῦ
888 2917 954 2988 ἀπὸ
968 2929 1031 3007 τῆς
1046 2925 1118 2988 ΛΓ.

50 3047 85 3094 τε
168 3020 431 3110 Ἀναγεγράφθω
463 3021 527 3110 γὰρ
560 3022 625 3092 ἀπὸ
658 3029 716 3111 τῆς
743 3032 808 3092 ΑΒ
839 3024 1055 3114 τετράγωνον
1083 3024 1117 3095 τὸ

106 3137 185 3215 ΑΒ,
204 3131 260 3198 καὶ
278 3129 547 3216 καταγεγράφθω
567 3134 709 3198 διπλοῦν
729 3129 766 3200 τὸ
786 3136 903 3218 σχῆμα.
928 3133 998 3200 έτεὶ
1019 3138 1118 3220 διπλῆ

106 3239 194 3304 ἐστιν
222 3233 243 3322 ἡ
267 3242 335 3304 ΑΓ
357 3240 416 3322 τῆς
439 3242 515 3321 ΔΓ,
543 3237 783 3322 τετραπλάσιον
811 3237 876 3322 ἄρα
903 3237 941 3305 τὸ
971 3236 1039 3308 ἀπὸ
1065 3244 1120 3326 τῆς

177 3473 200 3521 1.
219 3467 327 3536 λῆμμα]
348 3483 402 3522 om.
423 3466 503 3521 codd.
576 3475 600 3522 2.
621 3461 695 3522 ἐστίν
711 3469 740 3524 Ρ.
814 3463 888 3522 οὕτω
902 3469 933 3524 Β.
1012 3473 1123 3527 10.ΒΓ

92 3538 124 3592 P.
202 3540 361 3595 διπλασίων
381 3537 413 3594 Ρ.
487 3532 559 3594 ἐστίν
580 3540 611 3593 Β.
688 3534 1120 3610 11.2'110m.B,ins.m.1b,
