2340 3818
536 573 597 644 XI.

431 744 705 810 Definitiones.

128 888 156 949 1.
181 884 325 950 Solidum
350 888 412 970 est,
443 886 528 970 quod
550 885 787 972 longitudinem
812 889 845 950 et
866 887 1071 953 latitudinem

55 995 90 1056 et
114 991 321 1056 altitudinem
343 992 451 1057 habet.

126 1098 157 1162 2.
181 1097 352 1162 Terminus
376 1102 485 1163 autem
510 1098 606 1164 solidi
631 1099 815 1184 superficies
839 1103 896 1164 est.

126 1204 155 1268 3.
188 1203 290 1268 Recta
319 1203 359 1267 ad
386 1205 520 1288 planum
548 1204 821 1288 perpendicularis
854 1209 916 1288 est,
948 1205 1005 1269 ubi
1033 1205 1073 1269 ad

54 1331 172 1374 omnes
199 1312 307 1374 rectas
336 1331 408 1374 eam
436 1313 609 1394 tangentes
637 1314 670 1375 et
697 1312 732 1375 in
758 1311 857 1395 plano
881 1311 938 1375 illo
962 1311 1073 1376 ductas

55 1419 168 1480 rectos
192 1415 329 1499 angulos
354 1415 461 1481 efficit.

128 1523 158 1585 4.
177 1520 315 1585 Planum
335 1521 376 1585 ad
389 1521 524 1605 planum
538 1521 804 1606 perpendiculum
819 1526 877 1606 est,
895 1524 952 1587 ubi
966 1527 1073 1588 rectae

56 1626 100 1691 ad
124 1622 326 1692 communem
350 1628 526 1692 sectionem
549 1628 719 1712 planorum
738 1628 1019 1712 perpendiculares
1037 1628 1073 1690 in

56 1732 215 1796 alterutro
238 1734 411 1819 planorum
435 1734 549 1799 ductae
569 1733 609 1798 ad
628 1735 766 1798 alterum
785 1735 917 1817 planum
936 1721 1072 1815 perpen-

56 1837 217 1903 diculares
242 1843 324 1904 sunt.

125 1943 155 2008 5.
178 1943 298 2009 Rectae
322 1945 362 2009 ad
380 1947 515 2029 planum
534 1943 702 2008 inclinatio
722 1947 784 2021 est,
807 1943 862 2007 ubi
883 1945 924 2007 ab
944 1943 1072 2010 eleuato

57 2049 199 2113 termino
223 2053 331 2114 rectae
355 2051 396 2114 ad
418 2051 553 2136 planum
575 2048 851 2134 perpendicularis
876 2049 1017 2134 ducitur,
1040 2055 1073 2114 et

57 2153 99 2216 ab
128 2157 248 2236 puncto
272 2155 321 2218 ita
348 2160 419 2220 orto
444 2155 485 2219 ad
508 2155 682 2221 terminum
706 2158 814 2218 rectae
837 2155 871 2219 in
893 2155 993 2239 plano
1016 2177 1073 2238 po·

57 2259 159 2324 situm
182 2263 272 2324 recta
295 2259 436 2344 ducitur,
464 2262 604 2345 angulus
628 2282 647 2324 a
669 2263 759 2324 recta
781 2258 827 2323 ita
855 2258 951 2324 ducta
975 2263 1008 2324 et
1031 2262 1071 2325 ab

56 2369 164 2429 erecta
188 2367 447 2451 comprehensus.

124 2471 153 2536 6.
183 2470 279 2535 Plani
307 2472 347 2536 ad
374 2472 507 2555 planum
531 2473 698 2538 inclinatio
722 2477 772 2538 est
795 2473 934 2558 angulus
958 2475 1071 2537 acutus

56 2576 308 2661 comprehensus
323 2600 342 2642 a
356 2579 453 2642 rectis
467 2579 502 2643 in
516 2582 653 2663 utroque
663 2580 759 2662 plano
771 2578 811 2643 ad
821 2578 905 2642 idem
915 2582 1071 2662 punctum

56 2681 378 2765 perpendicularibus
402 2683 442 2747 ad
466 2705 670 2750 communem
694 2684 870 2748 sectionem
894 2683 1008 2749 ductis.

55 2889 92 2925 m.
108 2878 138 2924 12
157 2891 199 2942 pp.
215 2868 406 2946 &concipiam
425 2873 446 2927 F
460 2893 515 2945 mg.
531 2894 568 2931 m.
585 2880 612 2928 1:
631 2894 673 2943 pp.
689 2870 720 2929 ἐν
734 2875 772 2945 τῷ
788 2870 872 2946 αὐτῷ.
900 2881 983 2929 ποιεῖ
991 2874 1022 2944 F,
1042 2877 1071 2930 ct

55 2941 90 3009 P,
110 2959 180 2998 corr.
195 2960 231 2997 m.
247 2949 271 2998 2.
327 2950 351 2998 9.
366 2942 436 3012 πρός
447 2977 480 2986 -
492 2951 532 3000 10.
549 2942 703 3016 ἐπιπέδων]
718 2963 774 3015 mg.
788 2963 824 2998 m.
842 2945 899 2999 1V.
961 2951 1003 2999 10.
1018 2946 1070 3016 τῷ]

55 3012 157 3084 καὶτῷ
172 3014 207 3080 V,
226 3015 278 3067 καί
290 3031 373 3082 supra
387 3031 438 3071 scr.
453 3034 490 3070 m.
505 3023 521 3070 2
536 3017 565 3070 ll.
626 3022 667 3070 12.
684 3012 813 3086 εὐθείας]
829 3035 875 3077 -ας
888 3017 953 3085 post
965 3015 1017 3071 ins.
1032 3034 1069 3068 m.

56 3082 110 3137 1Ρ.
156 3079 319 3146 εὖθείας-
331 3091 372 3142 17.
388 3081 559 3157 ἐφεστώσης]
579 3105 616 3141 m.
631 3092 647 3140 2
662 3087 698 3154 Β,
718 3104 771 3143 om.
786 3087 839 3141 Fb.
896 3091 936 3142 15.
958 3081 1006 3140 ἐπὶ
1023 3083 1069 3157 τό]

54 3153 86 3222 P,
105 3148 163 3207 ἀπὸ
179 3155 230 3208 τοῦ
244 3154 267 3207 Β
283 3157 344 3224 (sed
357 3160 446 3226 corr),
460 3157 490 3210 in
504 3175 556 3213 ras.
571 3157 605 3227 V,
619 3175 655 3215 m.
670 3174 723 3212 rec.
739 3158 769 3211 P.
824 3154 924 3227 πέρας]
939 3156 970 3223 Ρ,
984 3154 1070 3223 πέρα-

54 3243 101 3286 τος
119 3225 143 3278 Β
161 3225 224 3293 (scd
242 3229 331 3295 corr),
351 3242 366 3280 e
380 3243 449 3282 corr.
464 3228 499 3297 V,
517 3246 553 3282 m.
569 3245 622 3284 rec.
638 3229 668 3281 P.
731 3233 772 3281 19.
789 3223 953 3298 deecclcm.
965 3227 990 3278 V
1006 3229 1079 3293 tm.

54 3297 98 3348 est
112 3301 128 3349 8
143 3295 219 3363 litt).
275 3303 317 3351 20.
331 3296 400 3352 Post
414 3299 483 3371 τομῇ
499 3297 623 3371 spatium
642 3305 660 3354 4
674 3297 738 3355 litt.
754 3296 937 3368 relinquitur
949 3297 992 3348 'm
1001 3295 1044 3345 1.

54 3370 111 3419 τῶν
136 3360 291 3437 ἐπιπέδων]
317 3384 384 3424 corr.
405 3385 440 3426 cx
458 3371 508 3443 τῆς
528 3367 673 3432 ἐπιπέδου
694 3392 737 3431 m.
755 3372 827 3428 ili.

918 3449 963 3506 x*
