2340 3818
103 138 169 203 220
473 140 676 193 εεοωεωω
694 135 744 214 ιμ’.

160 279 335 349 Ἔστωσαν
358 279 424 368 γὰρ
448 280 501 349 ἐστὶ
525 290 608 350 ίσων
631 279 765 367 βύσεων
788 284 856 349 τῶν
875 287 957 367 ΑΒ,
979 285 1043 348 ΓΔ
1065 276 1119 346 κύ

102 393 192 454 κλωυ
219 385 396 475 κύλινδροι
424 390 460 455 ολ
485 394 563 472 ΕΒ,
593 395 668 455 ΖΔ·
697 389 798 473 λέγω,
826 384 999 476 ὅταέστὶν
1027 381 1074 464 ῶς
1101 381 1119 452 6

103 499 166 560 ΕΒ
188 493 371 582 κύλινδρος
392 492 477 580 πρὸς
494 491 555 562 τὸν
579 501 642 560 ΖΔ
663 492 859 581 κύλινδρον,
882 490 991 572 οὕτως
1014 489 1033 559 6
1053 497 1120 558 ΗΘ

102 597 192 681 ἄξων
215 599 298 687 πρὸς
319 598 380 669 τὸν
402 607 469 667 ΚΛ
492 599 605 681 ἄξονα.

67 723 83 772 5
166 703 401 792 Ἐκβεβλήσθω
431 704 496 794 γὰρ
524 703 542 775 6
567 713 632 774 ΚΛ
659 704 749 786 ἄξων
773 705 826 773 ἐπὶ
848 702 887 772 τδ
910 711 951 772 Ν
970 717 1119 790 σημεῖον,

101 811 157 879 καὶ
180 817 306 880 κείσθω
329 815 375 901 τῶ
396 813 464 879 ΗΘ
487 809 583 892 ἄξονι
607 820 681 891 ἶσος
699 809 718 879 6
737 817 824 896 AN,
845 811 904 878 ’καὶ
921 809 997 897 περὶ
1013 807 1121 890 ἄξονα

101 918 163 987 τὸν
190 926 267 986 ΛΝ
293 917 474 1005 κύλινδρος
500 917 681 1004 νενοήσθω
714 916 732 986 6
760 923 842 986 ΓΜ.
892 917 963 985 ἐπεὶ
994 908 1061 984 ούν
1088 918 1122 983 ολ

102 1032 182 1110 ΕΒ,
210 1030 284 1092 ΓΜ
307 1022 484 1111 κύλινδροι
510 1021 578 1092 ὑπὸ
606 1023 644 1092 τὸ
672 1021 756 1093 αύτδ
783 1006 871 1104 ἄᾶος
898 1026 1003 1109 είσίν,
1036 1021 1121 1110 πρὸς

102 1128 267 1218 ἀλλήλους
290 1130 377 1198 εἰσὶν
400 1128 445 1211 ῶς
467 1134 505 1198 αί
525 1130 648 1217 βάσεις.
686 1139 757 1199 ίσαι
780 1132 820 1199 δέ
841 1134 927 1199 είσιν
951 1131 989 1196 ac
1004 1127 1121 1214 βᾶσεις

50 1254 84 1303 10
102 1234 274 1322 ἀλλήλαις·
305 1245 374 1305 ίσοι
400 1235 466 1326 ἄρα
494 1238 559 1305 είσὶ
585 1238 641 1305 καὶ
670 1240 705 1305 ot
725 1244 805 1320 ΕΒ,
833 1237 908 1306 ΓΜ
932 1235 1121 1324 κύλινδροι.

101 1342 158 1410 καὶ
186 1341 256 1410 ἐπεὶ
283 1343 464 1431 κύλινδρος
491 1341 509 1411 6
534 1350 612 1411 ΖΜ
639 1345 782 1435 ἐτιαίδῳ
809 1343 965 1430 τέτμηται
986 1346 1034 1434 τῷ
1059 1347 1121 1410 ΓΔ

101 1449 303 1540 παραλλήλῳ
328 1447 400 1517 ἄντι
423 1461 493 1529 τοϊς
515 1447 719 1517 ἀπεναντίον
742 1450 920 1535 ίκιιτίδοις,
944 1453 1037 1517 ἔστιν
1054 1447 1121 1536 ἄρα

103 1552 147 1634 ῶς
171 1552 188 1622 6
213 1560 289 1622 ΓΜ
307 1554 487 1642 κύλινδρος
508 1554 593 1643 πρὸς
616 1554 676 1624 τὸν
700 1563 763 1622 ΖΔ
784 1554 984 1641 κύλινδρον,
1012 1555 1121 1634 οὕτως

102 1657 121 1729 6
146 1667 216 1728 AN
243 1659 334 1742 ἄξων
361 1659 444 1749 πρὸς
470 1659 532 1729 τὸν
555 1668 620 1729 ΚΛ
647 1660 761 1742 ἄξονα
788 1669 884 1740 -ίσος
911 1661 951 1728 δέ
977 1662 1069 1728 ἐστιν
1098 1657 1116 1728 6

50 1785 83 1834 15
102 1767 164 1854 μὲν
183 1774 261 1836 ΓΜ
277 1766 459 1856 κύλινδρος
481 1770 526 1860 τῷ
545 1775 608 1835 ΕΒ
628 1772 817 1860 κυλίνδρῳ,
841 1766 861 1836 6
881 1766 919 1835 δὲ
937 1773 1016 1840 ΛΝ,
1029 1765 1120 1848 ἄξων

101 1885 148 1967 τῳ”
176 1882 245 1943 ΗΘ
272 1873 382 1956 ἄξονι·
410 1879 500 1941 ἔστιν
527 1872 593 1962 ἄρα
621 1873 667 1952 ῶς
695 1871 713 1942 6
738 1881 801 1942 ΕΒ
827 1872 1009 1960 κύλινδρος
1036 1871 1120 1960 πρὸς

102 1979 163 2048 τὸν
187 1988 249 2048 ΖΔ
270 1976 466 2069 κύλινδρον,
489 1978 596 2059 οὕτως
618 1977 637 2048 6
661 1985 730 2046 ΗΘ
753 1978 842 2060 ἄξων
865 1976 949 2062 πρὸς
971 1977 1033 2046 τὸν
1056 1984 1120 2045 ΚΛ

103 2086 216 2168 ἄξονα.
262 2086 308 2166 ῶς
335 2087 372 2155 δὲ
396 2084 414 2154 6
438 2093 501 2153 ΕΒ
524 2086 705 2174 κύλινδρος
731 2084 817 2173 πρὸς
839 2083 900 2153 τὸν
925 2090 987 2150 ΖΔ
1009 2083 1120 2152 κύλιν-

103 2196 202 2280 δρον,
233 2190 339 2272 οὕτως
369 2189 386 2258 6
410 2199 522 2259 ABH
542 2195 651 2270 κῶνος
678 2188 761 2278 πρὸς
788 2189 849 2258 τὸν
871 2195 975 2257 ΓΔΚ
997 2195 1118 2259 κῶνον.

49 2316 83 2366 20
101 2298 158 2364 καὶ
187 2294 232 2377 ῶς
255 2296 321 2381 ἄρα
344 2295 363 2365 6
386 2305 455 2364 ΗΘ
477 2296 567 2379 ἄξων
585 2296 669 2386 πρὸς
691 2295 752 2364 τὸν
775 2302 841 2363 ΚΛ
863 2294 984 2382 ἄξονα,
1014 2294 1120 2376 οὕτως

103 2399 121 2470 6
146 2410 257 2470 ABH
274 2407 383 2482 κῶνος
404 2400 488 2486 πρὸς
509 2402 570 2470 τδν
593 2409 696 2471 ΓΔΚ
717 2407 830 2471 κῶνον
852 2402 908 2470 καὶ
932 2400 950 2471 6
975 2410 1040 2471 ΕΒ
1062 2402 1119 2470 κύ-

102 2512 240 2598 λινδρος
262 2507 344 2595 πρὸς
366 2507 428 2576 τὸν
452 2516 514 2575 ΖΛ
536 2508 735 2597 κύλινδρον·
759 2507 839 2597 ὅπερ
863 2512 932 2577 ἔδει
955 2511 1071 2591 δείξαι.

587 2719 639 2789 ιε’.

173 2847 258 2912 Τῶν
281 2853 381 2913 ίσων
400 2844 537 2913 κῶνων
556 2845 620 2912 καὶ
638 2849 866 2933 κυλίνδρων
885 2842 1118 2927 ἄντικειτύν·

48 2969 83 3018 25
102 2959 224 3018 θασιν
248 2953 288 3017 αλ
306 2949 443 3035 βᾶσεις
459 2962 543 3031 τοίς
560 2951 718 3032 ὕψεσιν·
741 2943 878 3019 καλῶν
896 2951 1036 3021 κῶνων
1054 2952 1118 3021 καὶ

101 3060 327 3145 κυλίνδρων
345 3053 692 3126 ἄντικειιύνθασιυ
711 3059 752 3125 αι’
768 3056 905 3144 βύσεις
923 3071 1009 3140 τοῖς
1026 3056 1117 3141 ἄψε·

103 3182 183 3247 σιυ,
208 3170 292 3230 ίσοι
315 3165 419 3232 εἰσὶν
442 3165 601 3232 ἐκεῖνοι.

176 3401 200 3449 1.
219 3391 342 3467 κύκλων]
362 3412 417 3451 om.
437 3395 536 3450 Theon
554 3393 662 3465 (BVq).
741 3400 766 3449 2.
787 3399 848 3464 ZA,
867 3398 922 3450 ΕΒ
941 3393 1019 3466 BVq
1039 3398 1072 3467 (Z
1089 3395 1119 3451 in

102 3463 231 3536 νεαρῶν
250 3482 301 3525 ονε,
321 3485 359 3522 m.
380 3470 415 3537 1).
490 3470 514 3523 ὅ.
534 3465 598 3538 Ka]
615 3470 643 3522 Ι(
659 3466 712 3522 ine.
731 3484 767 3522 m.
788 3473 802 3520 1
822 3465 889 3524 V..
931 3463 977 3539 τό]
996 3476 1120 3523 comm
