2340 3818
335 154 611 208 manauroauu
629 153 738 204 arana
756 152 830 203 xm.
1029 141 1095 208 323

73 301 166 365 basis
181 303 249 365 ΒΦ
263 300 335 365 basi
349 302 416 364 ΒΓ
426 298 579 383 aequalis,
594 298 656 362 erit
672 295 714 380 [l‚
729 296 765 376 8]
780 299 801 369 L
816 295 918 356 Bru
932 321 975 344 =
990 291 1095 354 ΒΧΓ.

73 407 229 472 similiter
251 406 557 488 demonstrabimus,
581 425 651 468 esse
675 403 774 466 etiam

430 515 623 588 LYQP=
638 510 743 573 ΒΧΓ.
993 560 1011 595 ‚

72 619 187 704 itaque
204 625 271 685 tres
291 619 404 705 anguli
418 621 523 702 ΒΧΓ,
538 619 653 701 Bru),
671 617 773 679 nos
786 615 871 680 inter
890 633 924 676 se
944 608 1095 693 aequales

73 731 162 792 sunt.
214 727 278 792 sim
293 726 472 811 pentagoni
500 724 693 810 aequilateri
721 727 789 787 tres
818 718 930 805 anguli
953 717 1037 781 inter
1061 737 1095 779 se

611 891 633 938 Ζ
662 830 812 915 aequales
854 828 943 908 sunt,
983 825 1095 906 penta·

662 958 783 1022 genum
843 929 1094 1017 aequiangulum

662 1043 725 1108 erit
752 1043 855 1125 [prop.
883 1039 972 1118 VII].
1017 1056 1094 1121 ergo

558 1188 588 1214 a.
661 1152 883 1233 pentagonum
923 1145 1100 1210 ΒΥΦΓΧ

663 1254 913 1339 aequiangulum
937 1254 995 1316 est.
1041 1250 1094 1313 de-

661 1360 915 1427 monstrauimus
978 1362 1095 1441 autem,

661 1469 748 1534 idem
766 1466 1001 1551 aequilaterum
1016 1487 1095 1530 esse.

661 1597 738 1662 ergo
761 1577 984 1659 pentagonum

790 1680 966 1744 ΒΥΦΓΧ

661 1787 897 1871 aequilaterum
957 1787 1008 1848 est
1061 1788 1095 1848 et

661 1892 920 1978 aequiangulum,
935 1894 968 1955 et
982 1891 1016 1954 in
1029 1912 1094 1956 uno

661 2000 762 2064 latere
774 1998 1094 2064 cubiBPconstruc-

660 2110 731 2171 tum
764 2109 823 2169 est.
858 2105 969 2188 itaque
1002 2104 1031 2168 si
1060 2104 1095 2168 in

662 2212 800 2298 singulis
824 2210 991 2276 duodecim
1015 2212 1093 2275 late-

74 2319 167 2383 ribus
201 2320 275 2384 cubi
309 2319 420 2385 eadem
453 2320 765 2404 comparassemus,
796 2319 902 2405 figura
936 2317 1093 2402 quaedam

75 2426 181 2491 solida
204 2429 409 2490 construetur
432 2424 602 2491 duodecim
620 2427 815 2510 pentagonis
836 2425 1042 2509 aequilateris
1061 2427 1094 2488 et

74 2532 302 2617 aequiangulis
321 2532 563 2616 comprehensa,
587 2554 670 2616 quae
693 2536 829 2598 uocatur
852 2532 1093 2597 dodecaedrum.

144 2643 274 2722 oportet
292 2639 393 2723 igitur
413 2639 498 2702 idem
518 2639 595 2703 data
615 2627 754 2722 sphaera
769 2638 1041 2722 comprehendere
1060 2641 1093 2702 et

72 2745 313 2829 demonstrare,
340 2746 428 2809 latus
456 2744 647 2809 dodecaedri
675 2744 900 2809 irrationalem
923 2765 993 2809 esse
1017 2765 1093 2828 apo-

73 2856 186 2917 tomen
210 2873 292 2936 quae
316 2854 462 2916 uocatur.

142 2959 338 3042 producatur
370 2957 455 3022 enim
487 2960 571 3036 ΨΟ,
604 2959 637 3021 et
667 2958 727 3022 fiat
759 2960 840 3021 ΨΩ.
886 2958 997 3042 itaque
1027 2960 1093 3022 ΟΩ

74 3087 149 3131 cum
170 3065 326 3130 diametro
345 3064 419 3130 cubi
438 3063 611 3149 concurrit,
630 3067 663 3128 et
677 3064 763 3129 inter
777 3085 811 3128 se
826 3064 860 3127 in
875 3064 968 3128 binas
982 3067 1092 3148 partes

74 3172 229 3256 aequales
253 3173 376 3252 secant3
403 3171 465 3236 hoc
493 3171 580 3234 enim
607 3170 642 3234 in
665 3169 867 3255 paenultima
890 3169 1092 3236 theoremate

72 3277 235 3342 undecimi
259 3276 336 3341 libri
359 3276 618 3342 demonstratum
642 3282 691 3342 est
715 3276 790 3362 [XL
813 3277 880 3356 38].
926 3288 1019 3341 socen
1058 3279 1093 3341 in

72 3386 117 3447 Ω.
159 3385 192 3446 Ω
214 3383 316 3468 igitur
335 3387 480 3448 centrum
499 3388 550 3448 est
568 3384 725 3467 sphaerae
745 3384 863 3448 cubum
882 3382 1092 3467 comprehen-

74 3489 197 3574 dentis,
221 3493 254 3554 et
276 3492 349 3553 ΩΟ
372 3489 505 3556 dimidia
527 3489 643 3557 lateris
665 3491 753 3557 suhi.
789 3490 930 3554 dnsatux
944 3493 1035 3617 J&
1070 3492 1109 3544 st

904 3593 949 3640 aa.
