2340 3818
101 133 165 195 144
470 133 671 185 εεοωωαοα
689 130 738 204 ιμ’.

99 280 166 345 τών
198 282 315 361 ΕΚΖ,
353 279 471 361 ΖΛΗ,
508 280 635 361 ΗΜΘ,
667 282 773 342 ΘΝΕ
802 273 978 364 τριγώνων
1009 271 1137 360 ἥμισυ

100 389 191 451 ἐσται
222 393 284 452 τοῦ
314 380 396 450 καθ’
431 381 529 450 ἑαυτὸ
560 381 926 471 παραλληλογράμμου,
959 379 1043 447 άλλά
1073 385 1122 449 τά

99 486 181 558 καθ’
203 488 300 558 ἑαυτὸ
315 493 426 577 τμημα
441 488 579 556 ἐλαττόν
594 492 662 557 ἐστι
676 499 737 556 τοῦ
751 485 1112 576 παραλληλογράμμου·

100 595 184 667 ώστε
211 598 350 664 ἕκαστον
377 600 446 664 τών
470 603 584 680 ΕΚΖ,
615 601 735 681 ΖΛΗ,
762 601 889 681 ΗΜΘ,
917 600 1023 662 ΘΝΕ
1047 618 1105 679 τρι

65 703 220 791 σγώνωυ
247 703 360 791 μεῖζόν
384 704 452 771 ἐστι
474 715 537 771 τοῦ
560 703 703 792 ἡμίσεως
724 707 786 772 τού
808 699 887 771 καθ’
914 700 1013 769 ἑαυτὸ
1037 699 1101 787 τμη-

101 837 203 894 ματος
229 813 290 878 τού
318 809 453 879 κύκλου.
500 812 676 898 τέμνοντες
703 809 745 899 θη
768 809 829 891 τάς
850 807 1102 894 ὑπολειπομένας

99 920 312 1005 περιφερείας
335 921 412 1004 δίχα
434 917 491 984 καὶ
513 918 760 1004 ἐπιζευγνύντες
783 915 918 995 εὐθείας
940 915 997 982 καὶ
1015 917 1102 982 τούτο

100 1020 153 1091 άελ
162 1027 337 1103 ποιοῦντες
345 1025 587 1109 καταλείψομέν
596 1049 672 1093 τινα
682 1023 899 1110 ἀποτμήματα
907 1031 970 1090 τοῦ
978 1020 1104 1104 κύκλου,

101 1125 122 1195 ά
146 1133 237 1196 ἔσται
260 1128 427 1198 ἐλάσσονα
449 1141 507 1217 τῆς
529 1127 705 1220 ὑπεροχῆς,
728 1121 749 1219 ᾗ
769 1127 922 1218 ὑπερέχει
941 1125 959 1196 ὁ
980 1131 1105 1194 ΕΖΗΘ

49 1255 82 1304 10
101 1235 222 1315 κύκλος
253 1239 313 1303 τού
341 1244 376 1303 Σ
399 1242 533 1325 χωρίου.
588 1240 724 1326 ἐδείχθη
756 1236 821 1324 γάρ
855 1239 891 1304 ἐν
921 1246 967 1326 τῷ
995 1233 1107 1325 πρώτφ

101 1342 293 1430 θεωρήματι
325 1354 386 1411 τοῦ
423 1343 564 1411 δεκάτου
595 1349 743 1430 βιβλίου,
780 1342 832 1410 ὅτι
865 1342 927 1411 δύο
961 1344 1107 1428 μεγεθῶν

101 1445 229 1516 άνίσων
257 1450 470 1536 ἐκκειμένων,
503 1449 564 1517 ἐάν
586 1447 652 1518 άπὸ
676 1461 737 1518 τοῦ
765 1454 916 1536 μείζονος
944 1446 1108 1537 ἀφαιρεθῇ

101 1561 214 1641 μεῖζον
237 1554 258 1641 ἢ
283 1555 319 1623 τὸ
344 1553 448 1642 ἥμισυ
480 1556 537 1623 καὶ
564 1560 626 1623 τού
652 1557 935 1643 καταλειπομένου
958 1547 1109 1642 μείζονά
1148 1644 1150 1653 Ι

101 1659 138 1728 τὸ
163 1658 277 1748 ἥμισυ,
300 1663 477 1730 καὶτοῦτο
502 1660 553 1729 άεὶ
576 1668 741 1749 γίγνηται,
764 1662 987 1749 λειφθήσεταί
1006 1686 1039 1728 τι
1062 1662 1112 1746 με’
1148 1696 1150 1703 ·

51 1784 83 1834 15
102 1776 218 1853 γεθος,
256 1765 275 1834 ὃ
308 1773 400 1836 ἐσται
433 1773 574 1835 ἐλαοσον
611 1773 672 1837 τοῦ
706 1770 897 1855 ἐκκειμένου
933 1766 1113 1846 ἐλάσσονος

101 1874 273 1959 μεγέθους.
318 1879 486 1960 λελείφθω
511 1866 590 1959 οὑν,
617 1874 672 1941 καὶ
696 1878 778 1940 ἐστω
801 1874 840 1941 τά
865 1874 1011 1941 ἐπὶτῶν
1033 1879 1113 1958 ΕΚ,

101 1985 187 2065 ΚΖ,
218 1987 296 2066 ΖΑ,
325 1987 410 2066 ΛΗ,
437 1988 536 2066 ΗΜ,
564 1988 651 2065 ΜΘ,
679 1987 762 2065 ΘΝ,
789 1987 861 2048 NE
881 1980 1034 2067 τμήματα
1057 1982 1116 2048 τοῦ

103 2094 238 2154 ΕΖΗΘ
270 2086 396 2155 κύκλου
427 2087 588 2156 ἐλάττονα
618 2090 677 2173 τῆς
703 2084 883 2176 ὑπεροχῆς,
915 2079 936 2176 ᾖ
963 2084 1116 2175 ὑπερέχει

103 2189 121 2257 ὁ
155 2200 291 2260 ΕΖΗΘ
326 2193 447 2272 κύκλος
479 2197 539 2261 τού
572 2202 607 2261 Σ
636 2198 770 2283 χωρίου.
820 2191 941 2260 λοιπὸν
977 2190 1046 2281 άρα
1079 2192 1116 2260 τὸ

50 2320 83 2370 20
103 2304 397 2366 ΕΚΖΛΗΜΘΝ
415 2298 615 2385 πολύγωνον
633 2298 746 2385 μεῖζόν
765 2301 833 2367 ἐστι
851 2309 913 2367 τοῦ
931 2307 966 2366 Σ
981 2305 1118 2388 χωρίου.

103 2405 323 2492 ἐγγεγράφθω
337 2406 393 2473 καὶ
403 2410 450 2483 είς
458 2404 519 2473 τὸν
529 2411 652 2473 ΑΒΓΔ
660 2405 785 2473 κύκλον
795 2409 841 2496 τῷ
851 2411 1122 2474 ΕΚΖΛΗΜΘΝ

102 2511 288 2601 πολυγώνῳ
305 2509 425 2598 ὅμοιον
443 2511 643 2597 πολύγωνον
662 2510 699 2579 τὸ
714 2513 1002 2587 ΑΞΒΟΓΠΔΡ·
1027 2517 1119 2580 ἐστιν

103 2616 170 2706 άρα
193 2613 238 2697 ώς
260 2616 298 2685 τὸ
322 2615 387 2683 άπὸ
412 2620 470 2702 της
488 2624 555 2684 ΒΔ
577 2618 788 2704 τετράγωνον
810 2617 894 2704 πρὸς
915 2614 954 2684 τὸ
974 2614 1043 2684 άπὸ
1063 2622 1120 2706 τῆς

105 2730 166 2790 ΖΘ
188 2722 410 2813 τετράγωνον,
434 2720 540 2804 οὑτως
561 2725 599 2792 τὸ
620 2726 898 2800 ΑΞΒΟΓΠΔΡ
916 2723 1119 2810 πολύγωνον

50 2850 84 2899 25
104 2829 186 2917 πρὸς
217 2829 254 2898 τὸ
284 2835 584 2899 ΕΚΖΛΗΜΘΝ
611 2829 819 2917 πολύγωνον.
868 2826 953 2896 άλλά
984 2831 1043 2898 καὶ
1077 2829 1121 2912 ώς

103 2936 140 3004 τὸ
171 2935 235 3004 άπὸ
262 2941 321 3023 της
347 2944 415 3004 ΒΔ
443 2936 654 3024 τετράγωνον
680 2935 763 3023 πρὸς
789 2934 827 3004 τὸ
861 2931 926 3004 άπὸ
953 2940 1013 3024 τῆς
1044 2945 1120 3024 ΖΘ,

105 3040 211 3122 οὑτως
240 3040 258 3111 ὁ
286 3049 419 3111 ΑΒΓΔ
445 3043 567 3123 κύκλος
593 3042 677 3133 πρὸς
702 3041 740 3110 τὸ
765 3051 800 3110 Σ
823 3047 961 3130 χωρίον·
990 3044 1049 3111 καὶ
1077 3040 1121 3123 ώς

104 3148 169 3238 άρα
198 3147 215 3217 ὁ
240 3154 372 3216 ΑΒΓΔ
398 3148 520 3230 κύκλος
546 3147 629 3238 πρὸς
656 3148 693 3217 τὸ
718 3157 753 3216 Σ
776 3153 916 3237 χωρίον,
945 3147 1057 3231 οὕτως
1083 3148 1121 3218 τὸ

177 3332 200 3381 1.
220 3327 320 3398 ΕΚΖ]
339 3330 393 3381 ΚΖ
410 3326 440 3380 in
458 3344 511 3383 ras.
530 3344 567 3382 m.
584 3331 597 3379 1
613 3325 649 3393 P;
668 3329 752 3382 ΕΖΚ
768 3345 796 3466 χ.
868 3326 938 3382 Post
951 3328 1047 3382 ΘΝΕ
1065 3344 1123 3383 εει.

105 3396 229 3455 mim.
283 3395 439 3469 τριγώνων]
461 3397 519 3452 tin
533 3414 587 3453 ras.
602 3415 637 3453 m.
653 3404 669 3452 2
684 3397 715 3452 B.
790 3415 856 3468 μιου
871 3428 904 3438 -
920 3403 946 3454 4.
961 3395 1123 3471 τριγώνων]

96 3467 142 3523 hia
157 3468 190 3524 B.
258 3474 282 3525 2.
302 3464 404 3542 ἑαυτό]
421 3485 490 3527 corr.
505 3485 540 3524 ex
554 3463 656 3550 ἑαυτόν
670 3487 708 3524 m.
723 3475 739 3523 λ
754 3469 776 3522 Β
790 3470 894 3539 (priore
907 3471 1022 3525 tantum
1037 3469 1124 3541 1οοο).
