2340 3818
345 144 621 196 ELEMENTORUM
639 144 748 194 LIBER
766 144 827 197 XII.
1030 138 1096 206 213

77 284 184 353 Bm:
200 284 293 353 20⁸.
339 291 373 352 et
394 291 432 351 ut
453 309 554 352 unum
576 285 839 371 praecedentium
863 285 904 350 ad
928 309 1027 351 unum
1051 308 1099 352 se-

76 395 257 478 quentium,
278 395 326 460 ita
349 394 458 459 omnia
481 393 707 477 praecedentia
731 392 772 456 ad
795 392 906 458 omnia
929 393 1098 476 sequentia

77 499 134 585 [V,
160 501 226 582 12].
261 504 313 566 est
334 501 436 584 igilur
458 504 495 564 ut
517 502 655 564 ΒΚΤΛ
669 522 676 562 :
692 502 853 577 ZMON,
876 499 924 563 ita
947 502 1018 563 tota
1040 521 1096 583 py-

74 606 194 688 ramis,
230 605 320 670 onius
352 605 442 670 basis
475 610 526 670 est
561 605 764 689 polygonum
798 607 1097 688 ΑΤΒΥΓΦΔΧ,

75 718 193 778 uertex
216 716 325 777 autem
345 715 375 776 A
397 716 562 795 punctum,
585 710 626 776 ad
644 715 750 776 lotam
768 710 981 795 pyramidem,
1005 711 1096 776 euius

75 819 169 884 basis
192 822 243 883 est
264 818 465 903 polygonum
480 820 775 901 ΕΟΖΠΗΡΘΣ,
799 821 911 882 uertex
934 822 1044 882 autem
1063 821 1102 882 N

75 931 245 1010 punctum.
314 944 413 1008 quare
450 923 551 988 etiam
588 924 748 1007 pyramis,
790 924 881 988 auius
921 924 1011 989 basis
1049 927 1099 990 est

76 1032 372 1113 ΑΤΒΥΓΦΔΧ,
390 1035 504 1094 uertex
524 1033 633 1095 aulem
648 1034 693 1113 A,
712 1031 752 1094 ad
772 1031 988 1116 pyramidem,
1007 1032 1098 1096 onius

76 1130 244 1202 basis'est
265 1137 469 1220 polygonum
487 1139 780 1220 ΕΟΖΠΗΡΘΣ,
803 1141 916 1201 uertex
935 1142 1044 1203 autem
1063 1141 1103 1202 N

78 1247 246 1329 punctum,
269 1264 341 1307 eam
363 1243 521 1309 rationem
541 1239 643 1307 habel
662 1264 760 1327 qnam
779 1240 863 1306 ΒΔ3
878 1267 885 1308 :
901 1240 987 1310 zor
1024 1267 1098 1328 sup-

78 1350 248 1434 posuimus
268 1352 386 1432 autem,
410 1349 509 1413 etiam
528 1371 656 1432 conum,
679 1348 770 1414 ouius
788 1350 877 1414 basis
897 1349 940 1415 sit
959 1351 1098 1416 eiroulus

79 1458 227 1539 ΑΒΓΔ,
249 1458 362 1519 uertex
385 1459 494 1519 aulem
514 1460 545 1519 A
568 1458 733 1540 punctum,
757 1454 798 1519 ad
816 1454 846 1528 Ξ
867 1455 1006 1521 solidum
1026 1480 1097 1523 eam

80 1561 243 1627 rationem
266 1562 388 1626 habere
412 1583 509 1645 quarn
533 1559 615 1626 ΒΔεἰ
629 1585 636 1625 :
652 1559 740 1626 ΖΘΒ.
789 1561 902 1645 itaque
925 1566 963 1627 ut
985 1585 1097 1646 oonue,

85 1669 170 1734 euius
194 1669 284 1733 basis
307 1672 358 1734 est
379 1670 523 1733 ΑΒΓΔ
541 1669 693 1751 circulus,
716 1672 830 1733 uertex
854 1671 963 1732 autem
987 1672 1034 1751 A,
1057 1669 1099 1733 ad

81 1775 276 1857 Ssolidum,
295 1776 342 1841 ita
359 1775 516 1859 pyramis,
534 1775 623 1840 euius
638 1775 727 1839 basis
743 1776 793 1838 est
807 1775 1098 1858 ΑΤΒΥΓΦΔΧ,

78 1885 193 1947 uertex
230 1884 338 1945 aulem
376 1885 422 1963 A,
458 1880 499 1945 ad
536 1881 752 1965 pyramidem,
794 1880 884 1962 euius
921 1880 1011 1944 basis
1048 1885 1099 1946 est

78 1991 364 2052 ΕΟΖΠΗΡΘΣ
383 1988 598 2072 polygonum,
620 1990 732 2051 uertex
756 1990 865 2051 autem
888 1990 930 2050 N.
971 2009 1099 2070 permu-

77 2095 181 2161 iando
204 2094 307 2179 igilur
330 2093 375 2176 [V
375 2145 385 2178 ,
405 2095 476 2175 16],
498 2098 536 2159 ul
554 2115 669 2171 conus,
692 2092 783 2157 euius
802 2093 891 2157 basis
911 2097 961 2159 est
975 2096 1099 2158 ΑΒΓΔ

78 2200 231 2284 circulus,
251 2205 364 2266 uertex
387 2203 496 2265 autem
520 2203 565 2282 A,
589 2198 630 2263 ad
654 2199 853 2283 pyramidem
878 2221 984 2284 suam,
1006 2200 1098 2266 ouius

78 2308 171 2372 basis
191 2311 242 2372 est
259 2307 461 2392 polygonum
480 2309 768 2388 ΑΤΒΥΓΦΔΧ,
792 2310 906 2371 uertex
926 2310 1034 2372 autem
1054 2310 1099 2390 A,

80 2415 129 2479 ila
167 2413 198 2488 Ξ
232 2413 273 2478 ad
308 2411 528 2497 pyramidem,
564 2413 655 2477 ouius
687 2412 777 2477 basis
814 2416 865 2478 est
896 2413 1099 2498 polygonum

81 2521 375 2603 ΕΟΖΠΗΡΘΣ,
397 2523 510 2583 uertex
530 2521 639 2583 aulem
657 2521 701 2582 N.
737 2539 850 2581 uerum
869 2539 980 2603 conus,
1003 2540 1099 2603 quern

82 2627 234 2708 diximus,
256 2626 361 2690 maior
384 2627 435 2689 esi
457 2624 625 2708 pyramide
649 2646 722 2707 sua3
745 2646 823 2688 nam
847 2645 919 2689 eam
943 2624 1099 2691 eontinet.

80 2733 192 2816 itaque
225 2731 324 2795 etiam
352 2730 383 2804 Ξ
412 2729 551 2795 solidum
581 2730 686 2807 maius
715 2733 765 2794 esd
792 2729 975 2813 pyramide,
1007 2731 1098 2796 euius

81 2942 137 2980 om.
155 2924 188 2978 P.
281 2929 322 2978 11.
340 2920 409 2977 niu.
428 2923 525 3010 ῌΗθ
545 2938 614 2977 oorr.
632 2921 665 2976 V.
747 2927 864 2990 σημεῖον
886 2953 918 2962 -
937 2929 981 2978 21.
1000 2917 1032 2978 τὸ
1053 2923 1096 2996 Ν]

80 2993 551 3138 3⁸·?AB.1.‡3.d⁹lll
570 2991 601 3049 P·
675 2993 867 3135 ¹⁴²ia⁶'¹.{lli]
882 3009 941 3120 ll·
956 2994 1017 3119 iq·

84 3109 126 3191 17:
144 3086 176 3193 A²
186 3142 304 3207 σημεῖον
322 3136 356 3191 V.
397 3107 402 3119 Ι
444 3107 486 3191 i9.
505 3082 682 3205 sardianos]
703 3106 757 3190 oni·
773 3137 804 3191 P.
886 3106 1002 3206 mpla
1022 3132 1098 3190 ἐστιν

80 3207 137 3278 Bq.
209 3213 234 3263 A
253 3213 370 3276 σημεῖον
387 3207 422 3262 V.
467 3212 538 3261 -23.
557 3207 716 3278 πυραμίδος
733 3204 768 3263 V.
851 3211 894 3262 24.
914 3202 1041 3278 στερεόν]
1060 3223 1097 3262 m.

77 3297 135 3336 reo.
154 3279 186 3334 P.
259 3283 302 3332 28.
322 3278 362 3350 Ξ]
383 3282 404 3332 Ζ
423 3284 460 3347 q?
