2340 3818
52 114 117 178 298
425 117 626 169 ΣτοιαΕιοα
644 112 703 186 ιγ,

51 267 110 341 τῆς
134 262 211 323 ΕΚ·
239 255 277 324 τὸ
305 254 370 343 άρα
393 254 458 325 άπὸ
486 260 544 344 τῆς
567 264 635 325 ΛΕ
656 238 733 325 ίσον
760 256 831 325 ἐστὶ
852 266 899 348 τῷ
923 253 989 323 άπὸ
1012 259 1070 341 τῆς

53 369 127 430 ΕΘ·
152 370 206 447 ἴση
235 361 301 449 άρα
329 363 420 432 ἐστὶν
447 361 467 450 ἡ
494 370 562 431 ΛΕ
582 367 622 453 τῇ
645 370 718 432 ΕΘ.
768 364 826 430 διδι
852 360 893 428 τδι
918 358 1005 429 αύτδι
1027 360 1068 446 δὴ

52 468 107 534 καὶ
131 466 151 554 ἡ
176 475 242 537 ΛΘ
263 472 302 556 τῇ
326 476 391 537 ΘΕ
413 471 504 538 ἐστιν
527 477 598 556 ίση·
623 468 824 556 ἰσόπλευρον
847 466 915 557 ἄρα
939 466 1010 536 ἐστὶ
1030 465 1066 535 τὸ

52 581 151 642 ΛΕΘ
173 580 348 661 τρίγωνον.
385 572 509 663 ὁμοίως
533 577 575 663 δὴ
594 579 758 663 δείξομεν,
781 572 834 643 ὅτι
851 574 909 641 καὶ
928 575 1067 641 ἕκαστον

17 691 120 749 οτῶν
148 689 275 750 λοιπῶν
302 688 492 809 τριγώνων,
523 673 572 751 ὦν
600 681 714 768 βάσεις
741 681 802 769 μέν
829 684 918 749 είσιν
947 682 986 747 αί
1011 682 1068 748 τοῦ

53 794 190 855 ΕΖΗΘ
216 787 427 875 τετραγώνου
454 793 610 876 πλευραί,
637 787 785 875 κορυφαὶ
813 786 852 855 δέ
878 784 921 854 τὰ
949 792 998 872 Λ,
1029 791 1071 853 Μ

53 907 187 1022 σημεῖα,
216 893 417 980 ίσόπλευρύν
441 896 544 963 ἐστιν·
572 891 802 981 ὀκτάεδρου”
779 919 846 1023 αρα
869 893 1127 961 συνέσταται

52 997 117 1067 ὑπὸ
142 996 227 1067 ὀκτὼ
251 998 425 1085 τριγώνων
449 999 658 1085 ἰσοπλεύρων
681 998 930 1087 περιεχόμενον.
1073 1078 1078 1084 ,

120 1113 185 1172 Δεῖ
213 1102 254 1190 δη
283 1102 365 1173 αύτδ
393 1107 449 1173 και
477 1111 605 1197 σφαίρᾳ
632 1111 824 1194 περιλαβεῖν
856 1109 897 1194 τῇ
927 1109 1066 1193 δοθείσῃ

2 1226 33 1273 10
52 1211 107 1278 καὶ
131 1209 298 1296 δειξαι,“
279 1237 330 1280 οτι
357 1209 378 1298 ἡ
401 1216 460 1300 τῆς
487 1217 633 1299 σφαίρας
655 1211 833 1299 διάμετρος
850 1211 1002 1299 δυνάμει
1024 1213 1067 1277 δι·

55 1323 205 1384 πλασίων
230 1318 298 1385 ἐστι
320 1322 379 1404 τῆς
401 1323 463 1386 τοῦ
486 1316 669 1406 ὀκταέδρου
692 1320 845 1406 πλευράς.
933 1362 937 1367 ·

115 1423 203 1490 Ἐπεὶ
230 1422 295 1511 γάρ
323 1427 361 1491 αί
384 1438 473 1513 τρεῖς
496 1427 533 1492 αί
554 1431 637 1511 ΛΚ,
666 1430 758 1510 ΚΜ,
784 1430 854 1492 ΚΕ
874 1429 946 1491 ίσαι
969 1420 1065 1509 άλλη

52 1536 125 1608 λαις
154 1533 222 1597 είσί
186 1535 255 1615 σίν,
283 1529 322 1598 τὸ
350 1531 416 1618 ἄρα
444 1531 497 1599 έπι
523 1541 583 1618 τῆς
605 1537 689 1599 ΛΜ
709 1527 929 1617 γραφόμενον
951 1526 1066 1616 ἡμικύ

51 1642 146 1703 κλιον
178 1634 248 1722 ἥξει
279 1637 334 1704 καὶ
366 1640 422 1704 δια
450 1648 511 1705 τοῦ
540 1644 579 1705 Ε.
632 1637 689 1705 καὶ
721 1635 778 1704 διὰ
805 1636 846 1703 τά
873 1632 975 1719 αύτά,
1009 1632 1066 1703 ἐὰν

0 1755 33 1805 ιο
52 1742 218 1829 μενούσης
245 1746 303 1829 τῆς
325 1751 405 1810 ΛΜ
427 1741 643 1830 περιενεχθὲν
670 1741 707 1813 τὸ
736 1739 936 1830 ἡμικύκλιον
959 1744 1009 1820 είς
1029 1737 1066 1809 τὸ

52 1847 134 1918 αὐτὸ
158 1847 433 1938 ἀποκατασταθῇ,
462 1846 547 1917 ὅθεν
569 1847 692 1936 ἤρξατο
716 1848 896 1935 φέρεσθαι,
918 1844 990 1934 ἥξει
1011 1844 1066 1915 καὶ

53 1959 108 2023 διὰ
131 1959 199 2024 τῶν
225 1963 267 2041 Ζ,
290 1961 340 2041 Η,
364 1962 393 2022 Θ
416 1958 573 2040 σημείων,
600 1955 656 2022 καὶ
679 1959 771 2022 ἔσται
795 1958 923 2044 σφαίρᾳ
944 1976 1067 2041 περιει·

52 2063 221 2147 λημμένον
243 2061 281 2129 τὸ
302 2058 495 2148 ὀκτάεδρον.
526 2061 612 2146 λέγω
632 2060 690 2146 δή,
710 2057 762 2128 ὅτι
780 2059 836 2127 καί
854 2063 894 2148 τῇ
914 2063 1067 2148 δοθείσῃ.

52 2167 122 2234 ἐπεὶ
149 2167 212 2252 γὰρ
240 2175 295 2253 ίση
320 2167 410 2236 ἐστίν
432 2166 453 2253 ἡ
478 2172 549 2234 ΛΚ
572 2171 613 2254 τῇ
636 2172 727 2250 ΚΜ,
754 2164 851 2249 κοινά,
879 2165 917 2234 δέ
939 2163 961 2253 ἡ
986 2172 1066 2250 ΚΕ,

0 2283 33 2330 ³0
51 2272 106 2340 καὶ
129 2278 255 2357 γωνίας
272 2271 381 2359 ὀρθὰς
398 2273 621 2360 περιέχουσιν,
646 2271 743 2360 βάσις
761 2270 827 2359 ἄρα
846 2268 866 2357 ἡ
887 2277 955 2339 ΛΕ
971 2269 1069 2358 βάσει

51 2383 91 2467 τῇ
114 2385 194 2445 ΕΜ
212 2379 301 2445 ἐστιν
325 2385 389 2463 ίση
426 2379 481 2446 και
505 2378 574 2447 έπει
598 2374 687 2465 ὀρθή
711 2374 843 2446 ἐστιν’
825 2404 846 2463 η
870 2374 935 2445 ὑπὸ
957 2383 1075 2446 ΛΕΜ

51 2489 170 2570 γωνία
195 2486 231 2550 έν
250 2479 434 2574 ἡμικυκλίω
453 2482 531 2571 γάρ
554 2483 591 2552 τὸ
612 2484 679 2569 άρα
697 2480 763 2550 άπὸ
781 2486 841 2569 τῆς
859 2487 936 2549 ΛΜ
950 2481 1070 2551 διπλά-

52 2589 127 2658 σιόν
151 2591 220 2657 έστι
242 2598 302 2657 τοῦ
326 2585 390 2656 άπὸ
415 2593 474 2675 τῆς
496 2596 570 2658 ΛΕ.
620 2590 732 2674 πάλιν,
756 2588 826 2657 ἐπεὶ
849 2595 904 2674 ἴση
929 2585 1064 2657 ἐστὶν
1046 2615 1068 2674 η

51 2702 121 2764 ΛΓ
138 2722 178 2783 τη
202 2700 281 2779 ΓΒ,
305 2698 463 2763 διπλασία
487 2692 618 2764 ἐστίν
600 2723 622 2823 η
645 2702 711 2763 ΑΒ
734 2720 792 2782 της
809 2699 881 2763 ΒΓ
917 2690 963 2774 ὥς
986 2692 1069 2782 δδὴ

0 2809 33 2858 ²5
52 2811 116 2870 AB
144 2801 227 2888 πρὸς
253 2828 316 2887 την
344 2807 416 2886 ΒΓ,
447 2801 554 2880 οὕτως
579 2827 610 2869 τ(
645 2800 710 2869 άπὸ
739 2804 799 2887 τῆς
823 2806 889 2867 AB
917 2799 1003 2889 πρὸς
1028 2799 1069 2869 τὸ

52 2905 117 2976 άπὸ
140 2911 198 2993 τῆς
211 2914 287 2974 BA·
312 2911 490 2975 διπλάσιον
513 2905 578 2994 άρα
602 2906 672 2975 ἐστὶ
694 2905 732 2974 τὸ
757 2903 822 2974 άπὸ
844 2909 905 2991 τῆς
921 2912 989 2973 AB
1006 2908 1070 2975 τοῦ

51 3012 117 3081 άπὸ
141 3018 199 3099 τῆς
218 3021 289 3080 ΒΛ.
327 3014 461 3100 ἐδείχθη
486 3013 601 3082 δὲκαὶ
624 3012 663 3082 τδ
688 3006 752 3080 ιἰπὸ
776 3023 835 3099 τῆς
853 3018 934 3080 ’ΛΜ
952 3011 1070 3079 διπλά-

52 3141 128 3188 σιον
156 3131 216 3186 τοῦ
245 3116 309 3187 άπὸ
338 3124 396 3205 τῆς
424 3126 499 3190 ΛΕ.
543 3124 603 3187 καί
627 3122 717 3188 ἐστιν
745 3127 822 3187 ίσον
848 3114 887 3186 τὸ
915 3115 982 3187 άπὸ
1009 3122 1072 3205 τῆς

124 3375 146 3422 1.
169 3364 242 3422 ἐστίν
261 3369 291 3420 L.
375 3372 399 3421 2.
420 3363 506 3437 ἐστίν]
526 3383 580 3422 om.
600 3366 633 3420 V.
712 3373 736 3422 3.
757 3361 833 3421 έστίυ
851 3366 882 3421 L.
954 3370 981 3421 δ.
999 3365 1072 3422 Post

48 3432 90 3496 ὦν
107 3439 171 3496 αδδ.
193 3445 226 3494 αὶ
246 3440 271 3494 b.
346 3435 426 3513 βάσις
445 3437 466 3491 L
486 3442 515 3494 et
532 3437 565 3508 B,
584 3437 633 3492 sed
652 3454 721 3493 corr.
739 3455 777 3492 m.
796 3442 822 3492 λ.
880 3432 957 3492 ἐστιν
977 3436 1009 3492 L.
