2340 3818
39 113 107 178 264
411 116 614 168 ΣΤοΙΧοεαα
631 113 680 184 ιγ’.

39 257 96 322 καί
124 259 162 324 τὸ
191 262 302 342 μεῖζον
329 257 439 344 τμῆμοί
464 259 555 324 ἐστιν
577 283 597 343 η
622 262 698 342 ΑΓ,
725 254 763 323 τὸ
791 253 856 343 ἄρα
883 253 950 325 ύπὸ
974 263 1055 340 ΑΒ,

41 368 108 429 ΒΓ
135 368 180 455 τῷ
209 361 275 431 ἀπὸ
299 370 368 432 ΑΓ
392 371 466 431 ἴσον
495 365 595 431 ἐστίν.
645 361 684 431 τὸ
712 361 778 452 ἄρα
806 359 871 431 ἀπὸ
904 367 964 450 τῆς
991 368 1060 430 ΑΓ
1163 399 1170 427 ι

40 465 211 555 ἀποτομῆς
242 468 331 558 παρὰ
362 468 424 556 τῆν
452 476 517 536 ΑΒ
550 467 655 555 ῥητῆν
686 467 906 557 παραβληθὲν
932 469 1055 550 πλύτος
1169 487 1170 492 ’

41 589 131 643 ποιεῖ
151 574 213 662 τῆν
228 582 297 644 ΒΓ.
333 574 371 643 τὸ
392 575 429 644 δὲ
448 573 507 643 ύπέ
532 573 702 661 ἀποτομῆς
718 574 808 661 παρὰ
827 575 933 663 ρητῆν
952 599 1053 663 παρα-

6 699 23 748 5
42 680 251 768 βαλλόμενον
274 680 397 761 πλάτος
418 694 509 749 ποιεῖ
529 678 702 768 ἀποτομὴν
724 680 873 770 πρώτην·
902 680 1055 770 ἀποτομὴ

41 784 107 875 ἄρα
125 787 237 874 πρώτη
258 787 348 855 ἐστὶν
367 784 388 872 ῆ
404 794 474 855 ΓΒ.
498 789 633 875 ἐδείχθη
653 785 691 855 δὲ
708 787 763 854 καί
781 784 879 873 ῆΓΑ
896 784 1055 877 ἀποτομή.

105 894 184 961 Ἐὰν
198 892 263 978 ύρα
278 890 395 961 εύθεῖα
410 894 492 982 ῥητῆ
506 893 611 981 ἄκρον
625 894 681 961 καὶ
695 895 798 980 μὲσον
812 891 916 979 λόγον
929 898 1055 983 τμηθῆ,

41 999 198 1086 ἑκάτερον
230 1003 299 1069 τών
330 1000 509 1086 τμημάτων
540 998 663 1085 ύλογύς
694 1002 785 1069 ἐστιν
812 996 834 1086 ῆ
864 1001 1055 1087 καλουμένη

40 1105 204 1192 ἀποτομή·
229 1104 309 1194 ὅπερ
334 1111 401 1183 ἔδει
426 1108 539 1188 δεῖξαι.
854 1096 862 1107 ’

6 1301 23 1350 ο
532 1283 568 1365 ζ’.

106 1401 192 1495 Ἐὰν
225 1409 482 1494 πενταγώνου
515 1403 757 1492 ἰσοπλεύρου
784 1408 826 1473 αί
852 1419 959 1493 τρεῖς
985 1433 1058 1493 γω-

41 1517 125 1578 νίαι
149 1513 236 1597 ῆτοι
259 1515 301 1578 αι’
321 1515 416 1581 κατὰ
439 1513 480 1580 τὸ
505 1513 591 1598 ἑξῆς
614 1507 634 1598 ῆ
658 1515 701 1578 αί
721 1510 769 1599 μῆ
789 1511 885 1580 κατὰ
904 1510 948 1581 τὸ
967 1513 1058 1599 ἑξῆς

43 1625 126 1685 ίσαι
150 1611 262 1702 ώσιυ,
286 1617 502 1704 ίσογώνιον
525 1623 635 1685 ἔσται
657 1615 700 1686 τὸ
723 1617 989 1703 πεντάγωνον.

86 1723 315 1810 Πενταγώνου
337 1722 400 1811 γὰρ
424 1722 626 1810 ἰσοπλεύρου
648 1727 710 1792 τοῦ
728 1730 899 1792 ΑΒΓΔΕ
914 1727 954 1791 αί
968 1737 1060 1811 τρεῖς

6 1848 24 1897 5
43 1836 163 1916 γωνίαι
186 1831 349 1919 πρότερον
373 1833 410 1898 αἱ
430 1830 512 1898 κατὰ
535 1829 573 1897 τὸ
598 1831 672 1915 ἑξῆς
694 1832 733 1896 αί
751 1828 835 1918 πρὸς
852 1844 922 1909 τοῖς
941 1839 988 1917 A,
1014 1837 1060 1918 B,

43 1943 75 2004 Γ
98 1945 167 2004 ίσαι
196 1936 355 2024 ἄλλῆλαις
382 1942 544 2004 ἔστωσαν·
573 1937 674 2023 λέγω,
702 1938 755 2004 ὅτι
782 1935 964 2023 ἰσογώνιόν
988 1938 1060 2005 ἑστι

42 2043 80 2110 τὸ
105 2049 275 2110 ΑΒΓΔΕ
295 2044 521 2130 πεντάγωνον.

106 2147 377 2237 Ἐπεζεύχθωσαν
404 2148 468 2237 γὰρ
497 2153 534 2217 αι’
558 2159 591 2218 Α
598 2156 641 2235 Γ,
669 2157 749 2235 ΒΕ,
777 2157 851 2218 ΖΔ.
901 2151 958 2218 καί
987 2152 1061 2220 ἐπεὶ

43 2255 106 2323 δύο
131 2259 168 2322 αἱ
190 2261 266 2341 ΓΒ,
294 2263 360 2323 ΒΑ
383 2258 461 2324 δυσὶ
483 2268 555 2336 ταῖς
577 2263 659 2342 ΒΑ,
686 2264 756 2324 ΑΕ
781 2264 851 2324 ίσαι
875 2257 961 2324 είσίν
983 2257 1059 2324 ἑκα·

7 2362 122 2448 οτέρα
146 2361 297 2450 ἑκατέρᾳ,
328 2362 383 2428 καί
406 2368 514 2447 γωνία
541 2360 562 2448 ῆ
584 2360 650 2430 ὑπὸ
675 2367 773 2430 ΓΒΑ
796 2367 903 2452 γωνία
925 2365 965 2448 τῆ
991 2359 1059 2431 ὑπὸ

43 2474 146 2535 ΒΑΕ
168 2469 257 2534 ἐστιν
282 2474 353 2552 ίση,
376 2466 473 2551 βάσις
495 2467 560 2554 ἄρα
584 2466 604 2555 ῆ
624 2475 693 2536 ΑΓ
705 2467 803 2554 βύσει
820 2471 860 2556 τῆ
880 2474 949 2535 ΒΕ
965 2469 1060 2537 ἐστιν

43 2581 115 2658 ίση,
142 2572 198 2638 καί
226 2570 263 2639 τὸ
287 2578 391 2640 ΑΒΓ
408 2578 574 2660 τρίγωνον
600 2579 646 2667 τῷ
670 2580 773 2641 ΑΒΕ
792 2575 944 2666 τριγώνῳ
969 2580 1060 2661 ίσον,

42 2679 99 2745 καὶ
118 2681 155 2745 αί
171 2678 285 2745 λοιπαί
302 2684 423 2764 γωνίαι
441 2693 513 2760 ταῖς
531 2688 662 2760 λοιπαῖς
675 2686 813 2766 γωνίαις
827 2688 896 2747 ίσαι
912 2684 1060 2766 ἔσονται,
1169 2755 1170 2760 1

42 2783 102 2871 ὑφ’
140 2781 179 2862 ἃς
210 2787 247 2850 αι’
278 2792 348 2852 ίσαι
381 2786 520 2871 πλευραὶ
552 2784 815 2872 ὑποτείνουσιν,
841 2782 861 2872 ῆ
895 2784 957 2872 μὲν
989 2782 1059 2855 ὑπὸ

8 2897 138 2958 ι’)ΒΓΑ
160 2895 200 2979 τῆ
224 2888 289 2958 ὑπὸ
314 2898 430 2977 ΒΕΑ,
457 2890 478 2979 ῆ
508 2892 545 2960 δὲ
571 2890 637 2959 ὑπὸ
661 2899 765 2960 ΑΒΕ
790 2895 829 2980 τῆ
856 2886 923 2959 ύπὸ
949 2897 1060 2958 ΓΑΒ·

43 2997 127 3064 ὥστε
158 2997 214 3063 καὶ
246 2999 372 3085 πλευρὰ
406 2998 426 3085 ῆ
455 3006 520 3065 ΑΖ
551 3002 678 3086 πλευρᾷ
709 3002 749 3086 τῆ
778 3005 838 3065 ΒΖ
872 2999 962 3064 ἐστιν
993 3005 1060 3085 ἴση.

44 3105 179 3189 ἐδείχθη
205 3102 242 3170 δὲ
265 3105 320 3170 καὶ
344 3102 405 3190 ὅλη
429 3101 449 3191 ῆ
469 3110 537 3171 ΑΓ
557 3103 617 3192 ὅλη
641 3108 680 3193 τῆ
705 3111 771 3171 ΒΕ
792 3111 860 3189 ίση·
883 3103 939 3170 καὶ
958 3101 1059 3188 λοιπῆ

117 3304 139 3352 1.
159 3297 232 3350 Ante
252 3299 304 3352 καί
319 3299 382 3353 add.
402 3296 475 3353 κατὰ
494 3301 525 3353 τὸ
548 3303 573 3352 Γ
589 3298 623 3354 V.
732 3301 814 3351 ΑΒΓ
828 3296 863 3352 V.
954 3303 980 3351 2.
1001 3293 1062 3352 ἑστί

43 3368 104 3424 BV.
161 3376 185 3422 4.
206 3365 361 3440 ἀποτομῆς]
381 3365 452 3424 ύπο-
472 3387 555 3439 supra
569 3387 620 3425 ser.
634 3388 671 3423 m.
686 3373 702 3422 2
716 3367 748 3421 Β.
812 3373 837 3423 6.
854 3368 916 3438 ΓΑ]
932 3373 954 3422 A
961 3372 988 3421 Γ
1000 3366 1058 3423 BV.

118 3446 140 3494 7.
160 3437 231 3511 ῥητή
252 3472 284 3480 —-
305 3447 329 3497 9.
350 3441 468 3514 ὃεῑξαι]ε
488 3463 523 3488 ω
540 3438 602 3493 BV.
675 3445 701 3493 8.
720 3436 823 3509 ἄλογον
841 3439 871 3493 Ρ.
946 3437 1010 3508 Seq.
1029 3439 1059 3493 in
