2340 3818
98 157 141 222 86
471 158 673 211 ΣΤΟΙΧΕΙΩΝ
691 154 742 212 ια’.

98 297 257 387 εχόμενον
285 295 350 365 ὑπὸ
381 297 443 367 δύο
474 298 535 387 μὲν
558 297 732 384 τριγώνων
759 309 828 367 τών
851 304 968 382 ΓΗΖ,
991 305 1111 382 ΑΔΕ,

97 409 201 492 τριών
226 403 264 471 δὲ
287 403 646 493 παραλληλογράμμων
664 414 732 472 τών
751 409 835 489 ΗΕ,
854 411 934 490 ΑΓ,
953 410 1018 471 ΓΕ
1038 412 1113 471 ἴσον

99 511 168 580 ἐστὶ
196 514 241 600 τῳ
270 517 427 598 πρίσματι
455 521 500 602 τῳ
531 511 753 601 περιεχομένῳ
783 508 849 578 ὑπὸ
875 510 937 579 δύο
961 508 1023 596 μὲν
1046 534 1116 595 τρι-

97 617 219 704 γώνων
238 627 307 685 τών
321 622 434 701 ΓΖΒ,
449 622 568 700 ΔΕΘ,
586 619 689 701 τριών
709 615 746 684 δὲ
760 615 1119 703 παραλληλογράμμων

63 734 165 793 ὁτῶν
185 730 261 810 ΓΘ,
285 730 364 808 ΒΕ,
382 729 457 790 ΓΕ·
481 720 547 790 ὑπὸ
571 721 635 808 γὰρ
660 730 743 790 ἴσων
762 722 927 790 ἐπιπέδων
945 724 1121 810 περιέχον-

98 857 152 898 ται
174 839 220 921 τηό
244 855 280 897 τε
302 828 425 916 πλήθει
447 827 502 894 καὶ
525 832 571 919 τῷ
596 829 738 914 μεγέθει.
770 826 854 896 ώστε
882 827 963 896 ὅλον
986 827 1024 896 τὸ
1050 838 1118 897 ΑΒ

99 935 235 1021 στερεὸν
256 940 332 1022 δίχα
350 935 503 1023 τέτμηται
522 929 588 1002 ὑπὸ
608 944 669 1001 τοῦ
688 941 823 1003 ΓΔΕΖ
843 937 1013 1004 ἐπιπέδου·
1033 934 1119 1022 ὅπερ

99 1045 167 1110 ἔδει
190 1041 303 1121 δεῖξαι.

570 1232 644 1303 αλλ’.

49 1397 82 1446 10
176 1375 229 1444 Τὰ
253 1377 313 1446 ἐπὶ
336 1381 403 1465 τῆς
425 1375 545 1463 αὐτῆς
568 1374 718 1462 βάσεως
743 1373 838 1444 ὄντα
862 1375 998 1463 στερεά
1021 1401 1112 1461 παρ-

100 1489 393 1570 αλληλεπίπεδα
428 1483 493 1550 καὶ
523 1480 598 1550 ὑπὸ
631 1481 673 1550 τὸ
707 1479 802 1549 αὐτὸ
835 1479 951 1567 ὕψος,
990 1476 1042 1550 ών
1076 1486 1113 1549 αἱ

99 1593 319 1677 ἐφεστῶσαι
349 1591 410 1658 ἐπὶ
437 1593 515 1659 τών
539 1586 668 1658 αὐτῶν
696 1592 802 1656 εἰσιν
830 1585 1019 1674 εὐθειῶν,
1044 1591 1112 1657 ’ἴσα

99 1695 298 1809 ἀλλήλοιςο
312 1699 430 1764 ἐστίν.

157 1801 266 1871 Ἔστω
290 1803 343 1870 ἐπὶ
365 1807 424 1888 τῆς
447 1800 552 1888 αὐτῆς
574 1800 705 1887 βάσεως
726 1804 784 1887 τῆς
808 1807 873 1868 AB
897 1800 1012 1889 στερεὰ
1037 1825 1116 1885 παρ-

49 1925 82 1974 15
101 1913 344 1995 αλληλεπίπεδα
367 1908 408 1976 τὰ
426 1915 513 1993 ΓΜ,
536 1913 607 1975 ΓΝ
626 1905 692 1974 ὑπὸ
716 1905 754 1974 τὸ
778 1904 860 1976 αὐτὸ
883 1905 984 1992 ὕψος,
1008 1897 1058 1974 ών
1082 1910 1118 1973 αλ

100 2018 286 2102 ἐφεστῶσαι
316 2020 353 2083 αλ
374 2022 460 2100 ΑΗ,
490 2021 570 2101 ΑΖ,
594 2021 686 2099 ΛΜ,
710 2020 796 2099 ΛΝ,
824 2020 906 2100 ΓΛ,
934 2020 1012 2099 ΓΕ,
1040 2022 1116 2099 ΒΘ,

100 2128 169 2188 ΒΚ
192 2121 334 2189 ἐπὶτῶν
358 2120 471 2188 αὐτῶν
495 2117 643 2189 εὐθειῶν
666 2125 815 2188 ἔστωσαν
836 2131 906 2189 τών
926 2127 997 2188 ΖΝ
998 2172 1007 2206 ,
1033 2127 1117 2187 ΛΚ·

100 2225 201 2313 λέγω,
230 2224 281 2295 ὅτι
309 2236 385 2296 ἴσον
414 2227 482 2294 ἐστὶ
510 2226 548 2295 τὸ
573 2233 649 2296 ΓΜ
669 2225 804 2315 στερεὸν
827 2237 872 2319 τῷ
897 2232 968 2294 ΓΝ
988 2238 1119 2318 στερεῷ.

132 2334 139 2349 “
165 2330 259 2408 Ἐπεὶ
282 2332 346 2421 γὰρ
375 2331 725 2420 παραλληλόγραμμόν
754 2334 844 2399 ἐστιν
868 2331 1027 2418 ἑκάτερον
1050 2336 1120 2400 τών

48 2457 83 2507 20
102 2443 176 2523 ΓΘ,
205 2445 284 2526 ΓΚ,
317 2448 373 2526 ἴση
402 2438 492 2506 ἐστὶν
523 2435 543 2525 ἡ
574 2444 634 2506 ΓΒ
662 2438 800 2528 ἑκατέρῳ
827 2448 895 2506 τών
923 2446 1005 2522 ΛΘ,
1038 2446 1118 2506 ΕΚ·

103 2545 186 2614 ώστε
209 2546 264 2613 καὶ
287 2544 307 2632 ἡ
333 2553 400 2613 ΛΘ
421 2555 462 2633 τῇ
485 2551 555 2612 ΕΚ
577 2548 667 2612 ἐστιν
695 2551 760 2630 ἴση.
804 2542 902 2630 ποινὴ
927 2542 1118 2633 ἀφῃρήσθω

102 2651 123 2738 ἡ
152 2659 227 2719 ΕΘ·
260 2649 359 2737 λοιπὴ
391 2649 458 2738 άρα
489 2648 510 2736 ἡ
541 2658 611 2717 ΔΕ
640 2658 739 2738 λοιπῇ
772 2653 811 2739 τῇ
840 2656 909 2716 ΘΚ
935 2651 1025 2718 ἐστιν
1055 2658 1120 2738 ἴση.

103 2756 187 2827 ώστε
213 2758 269 2825 καὶ
296 2755 333 2824 τὸ
362 2757 424 2843 μὲν
449 2763 552 2825 ΑΓΕ
576 2762 742 2844 τρίγωνον
770 2765 816 2848 τῳ
840 2763 943 2824 ΘΒΚ
966 2761 1118 2848 τριγώνῳ

103 2872 179 2932 ἴσον
212 2868 317 2949 ἐστίν,
349 2859 387 2930 τὸ
421 2862 459 2930 δὲ
492 2870 570 2930 ΛΗ
596 2861 944 2951 παραλληλόγραμμον
977 2872 1022 2952 τῳ
1051 2870 1121 2930 ΘΝ

50 2988 85 3038 25
103 2967 447 3060 παραλληλογράμμῳ.
484 2967 540 3036 διὰ
564 2966 604 3036 τὰ
630 2966 712 3037 αὐτὰ
737 2968 779 3054 δὴ
798 2968 854 3035 καὶ
876 2966 914 3036 τὸ
931 2974 1041 3036 ΑΖΗ
1054 2974 1119 3055 τρί-

102 3102 215 3161 γωνον
243 3083 288 3164 τῳ
317 3081 437 3142 ΜΛΝ
465 3073 617 3167 τριγώνῳ
648 3083 724 3143 ἴσον
752 3075 851 3142 ἐστίν.
902 3077 970 3141 ἔστι
999 3073 1035 3141 δὲ
1063 3075 1117 3141 καὶ

175 3346 200 3396 7.
219 3338 349 3410 τέμνεται
367 3341 424 3395 ΒΕ.
523 3345 547 3395 9.
566 3335 610 3410 λγ’
630 3340 660 3394 F.
757 3344 799 3394 15.
817 3334 888 3411 ὑπό]
908 3333 937 3392 ὑ·
957 3355 971 3393 e
991 3355 1061 3392 corr.
1081 3357 1115 3393 m.

105 3411 167 3466 2b.
274 3409 757 3482 16.AH]eeor1·.b‚AZBFV.
862 3409 1118 3480 AZ]AHBFet

91 3495 110 3531 ι
127 3497 197 3535 ειη,
225 3483 251 3537 α
307 3481 582 3567 1νοννμενιι.
654 3481 963 3560 2³·03KWB”'K”
980 3480 1014 3548 ν,
1035 3482 1116 3535 ονε
