2340 3818
109 160 174 224 268
481 165 684 217 Σνοωιιιαια
703 162 751 232 ιγ’.

107 301 162 369 καλ
187 300 207 388 ή
227 300 292 371 ὑπὸ
316 312 418 373 ΑΕΔ
440 304 506 393 άρα
528 310 635 391 γωνία
658 318 730 384 ταῖς
752 301 834 392 πρὸς
856 317 926 383 τοίς
937 311 992 389 Α,
1017 308 1050 371 Γ
1068 310 1121 388 ἴση

108 410 208 476 ἐστίν.
263 407 319 476 διά
351 409 392 477 τά
425 409 512 479 αὐτὰ
545 409 587 496 δή
615 411 670 478 καὶ
698 407 719 496 ἡ
747 406 812 478 ὑπὸ
840 415 947 477 ΑΒΓ
969 418 1027 494 ἴση
1056 408 1121 477 ἐστὶ

106 528 178 594 ταῖς
200 513 284 602 πρὸς
306 529 376 596 τοῖς
394 525 441 602 Α,
466 523 504 603 Γ,
529 525 562 584 Δ
584 519 731 603 γωνίαις.
765 515 949 603 ἴσογώνιον
968 513 1037 604 άρα
1056 513 1121 582 ἐστὶ

106 623 143 688 τὸ
167 627 340 689 ΑΒΓΔΕ
360 620 591 708 πεντάγωνον·
615 622 696 709 ὅπερ
720 625 789 690 ἔδει
811 621 924 702 δεῖξαι.

75 814 91 864 σ
594 797 638 884 η’.

172 919 261 988 Ἐάν
301 919 559 1005 πενταγώνου
600 919 843 1008 ἰσοπλεύρου
878 921 944 987 καὶ
982 923 1119 1004 ἴσογω-

107 1033 199 1096 νίου
220 1023 288 1106 τάς
310 1024 405 1093 κατὰ
429 1024 470 1094 τὸ
496 1027 583 1112 ἑξῆς
602 1026 674 1095 δύο
693 1031 840 1113 γωνίας
858 1022 1121 1092 ὑποτείνωσιν

108 1131 285 1216 εὐθεῖαι,
309 1129 432 1219 άιιρον
454 1133 519 1200 ιιαλ
542 1134 664 1219 μέσον
687 1131 808 1218 λόγον
826 1131 1044 1217 τέμνουσιν
1062 1126 1120 1197 άλ-

107 1237 242 1324 λήλας,
264 1238 330 1305 καὶ
352 1236 396 1305 τά
420 1243 585 1325 μείζονα
608 1235 739 1306 αὐτῶν
757 1236 936 1325 τμήματα
956 1245 1023 1304 ἴσα
1042 1236 1120 1306 ἐστὶ

55 1361 88 1410 10
109 1346 153 1431 τή
176 1346 248 1410 τοῦ
271 1341 534 1429 πενταγώνου
556 1346 714 1432 πλευρᾷ.

174 1449 401 1535 Πενταγώνου
429 1451 493 1537 γάρ
527 1448 729 1537 ἰσοπλεύρου
760 1450 816 1517 καὶ
849 1452 1033 1535 ἴσογωνίου
1065 1450 1120 1516 τοῦ

107 1560 279 1623 ΑΒΓΔΕ
299 1555 363 1622 δύο
386 1561 510 1641 γωνίας
532 1553 591 1635 τάς
613 1553 695 1623 κατά
719 1552 756 1623 τὸ
780 1556 854 1642 ἑξῆς
876 1554 935 1634 τὰς
953 1552 1038 1640 πρὸς
1056 1567 1121 1632 τοῖς

108 1670 155 1746 Α,
183 1668 211 1728 Β
239 1658 504 1729 ὑποτεινέτωσαν
532 1658 663 1729 εὐθεῖαι
691 1664 729 1728 αἴ
749 1667 825 1746 ΑΓ,
855 1667 924 1729 ΒΕ
943 1662 1123 1747 τέμνουσαι

109 1765 253 1854 ἀλλήλας
275 1765 357 1833 κατὰ
381 1763 418 1833 τὸ
439 1773 468 1833 Θ
486 1780 637 1853 σημεῖον·
662 1768 758 1852 λέγω,
783 1764 834 1834 ὅτι
853 1767 992 1852 ἑκατέρα
1012 1764 1123 1834 αὐτῶν

57 1890 89 1940 15
109 1873 214 1959 άιιρον
243 1873 299 1940 καὶ
327 1875 430 1960 μέσον
453 1870 556 1958 λόγον
579 1874 733 1959 τέτμηται
754 1873 837 1939 κατὰ
860 1869 897 1940 τὸ
921 1879 950 1940 Θ
974 1885 1124 1959 σημεῖον,

108 1980 164 2046 καὶ
186 1977 225 2045 τά
245 1984 379 2065 μείζονα
398 1976 512 2046 αὐτῶν
530 1977 681 2066 τμήματα
705 1985 761 2045 ἴσα
781 1977 850 2046 ἐστὶ
868 1981 907 2066 τή
926 1982 989 2046 τοῦ
1007 2003 1123 2046 πεντα-

109 2083 223 2170 γώνου
245 2087 380 2174 πλευρᾷ.

176 2188 447 2277 Περιγεγράφθω
471 2191 533 2276 γάρ
557 2190 632 2277 περὶ
655 2188 692 2257 τὸ
712 2195 883 2257 ΑΒΓΔΕ
903 2189 1122 2276 πεντάγωνον

109 2294 230 2374 κύκλος
254 2292 271 2361 ὁ
291 2302 467 2363 ΑΒΓΔΕ.
503 2297 559 2363 καὶ
579 2296 647 2364 ἐπεὶ
671 2295 733 2363 δύο
758 2293 889 2364 εὐθεῖαι
907 2299 944 2362 αἴ
955 2303 1035 2381 ΕΑ,
1062 2304 1122 2364 ΑΒ

57 2420 91 2470 20
111 2400 188 2467 δνσὶ
216 2413 289 2480 ταῖς
311 2408 391 2484 ΑΒ,
419 2407 486 2468 ΒΓ
514 2409 583 2468 ἴσαι
612 2402 676 2470 είσῖ
692 2401 759 2469 ναὶ
782 2406 907 2488 γωνίας
935 2410 1009 2482 ἴσας
1037 2426 1123 2491 περι-

111 2508 261 2593 έχουσιν,
295 2506 391 2592 βάσις
421 2504 487 2594 άρα
514 2504 535 2593 ἡ
564 2515 631 2575 ΒΕ
655 2507 751 2594 βάσει
777 2511 817 2596 τή
845 2513 916 2575 ΑΓ
938 2516 994 2593 ἴση
1024 2510 1123 2594 ἐστίν,

110 2612 165 2679 καὶ
188 2609 225 2679 τὸ
246 2617 350 2678 ΑΒΕ
370 2615 536 2697 τρίγωνον
559 2615 605 2703 τῷ
625 2618 730 2680 ΑΒΓ
746 2609 898 2700 τριγώνῳ
922 2618 1000 2680 ἴσον
1024 2615 1123 2699 ἐστίν,

110 2718 165 2785 καὶ
190 2720 227 2783 αἴ
247 2717 360 2784 λοιπαὶ
378 2723 498 2802 γωνίαι
516 2731 588 2797 ταῖς
607 2724 737 2798 λοιπαῖς
753 2722 892 2804 γωνίαις
906 2724 976 2785 ἴσαι
991 2723 1124 2788 ἔσονται

112 2823 248 2910 ἑκατέρα
268 2823 420 2912 ἑκατέρα,
439 2819 498 2908 ὑφ’
520 2819 559 2902 ἃς
577 2826 615 2889 αι’
632 2831 701 2891 ἴσαι
720 2823 860 2910 πλευραὶ
878 2820 1124 2894 ὑποτείνουσιν.

59 2948 92 2998 26
111 2936 167 3014 ἴση
191 2927 256 3015 άρα
276 2928 367 2995 ἐστὶν
385 2925 405 3014 ή
424 2925 490 2995 ὑπὸ
510 2933 608 2996 ΒΑΓ
622 2934 729 3014 γωνία
747 2933 786 3017 τή
804 2926 871 2997 ὑπὸ
885 2937 1001 2998 ΑΒΕ·
1024 2935 1124 3017 διπλῆ

184 3129 208 3177 1.
228 3124 317 3192 γωνία
336 3117 392 3189 άρα
411 3123 461 3191 bq.
534 3122 603 3194 τοῖς]
624 3129 686 3185 ταῖς
704 3124 730 3178 b.
813 3130 836 3178 2.
856 3119 943 3193 ἐστίν]
964 3117 1027 3179 έστί
1044 3126 1124 3194 Vbq.

167 3189 241 3265 ε’στί]
263 3190 337 3248 έστίν
355 3191 386 3245 Β.
451 3200 475 3248 3.
490 3194 561 3263 τοῖς]
581 3212 624 3247 τοι
642 3192 671 3250 Ρ.
738 3190 814 3266 ἐστί]
834 3211 887 3250 om.
908 3195 940 3251 V.
1008 3200 1035 3249 4.
1056 3192 1125 3264 ὅπερ

113 3261 173 3319 ἔδει
192 3263 296 3335 δεῖξαι]
317 3279 370 3318 om.
389 3263 468 3334 Bbq.
556 3269 579 3320 7.
599 3260 796 3319 ὑποτείνουσιν
815 3265 868 3334 Pq.
955 3272 980 3321 9.
1001 3263 1082 3322 ἔσται
1099 3287 1124 3336 q.

185 3341 225 3389 16.
246 3332 317 3390 είσίν
334 3333 365 3400 Β,
386 3333 442 3389 εἴσί
459 3334 490 3389 V.
577 3340 620 3389 20.
641 3334 711 3390 εἴσῖν
731 3335 788 3390 PB.
861 3333 1023 3406 περιέχωσι
1043 3337 1124 3408 Vbq.

183 3412 225 3460 21.
247 3402 308 3460 ἐστί
321 3404 412 3474 PVq,
432 3422 521 3475 comp.
540 3406 567 3459 b.
654 3411 696 3460 22.
717 3402 778 3460 ἐστί
793 3406 903 3477 PVbq.
984 3412 1027 3463 23.
1050 3407 1126 3464 ἔσον-

103 3476 167 3548 ται]
183 3475 258 3533 είσίν
277 3495 302 3547 q.
356 3481 398 3535 25.
420 3477 464 3550 ἴση
480 3477 825 3550 -p.‘2'10,1BAfflsie
843 3478 877 3546 ο,
894 3477 944 3533 sed
962 3496 1019 3549 mg.
1039 3498 1077 3535 m.
1098 3487 1124 3534 1:
