2340 3818
101 141 165 205 272
475 145 677 199 Στοιειειειυ
696 139 746 214 η’.

100 283 164 349 καὶ
183 285 304 370 μέσον
329 285 449 371 λόγον
472 288 671 374 τέτμηται,
694 283 822 353 καὶτὸ
841 289 977 371 μεῖζον
997 279 1115 368 αὐτῆς

100 389 230 474 τμῆμά
254 393 363 459 ἐστιν
385 388 405 477 ἡ
429 396 499 460 τοῦ
523 392 728 479 ἑξαγώνου
750 388 911 477 πλευρά.

159 494 267 564 Ἔστω
290 497 411 579 κύκλος
435 495 453 566 ὁ
477 505 591 584 ΑΒΓ,
614 500 670 566 καὶ
693 502 761 566 τών
785 500 832 576 είς
854 493 914 564 τὸν
939 498 1044 561 ΑΒΓ
1062 491 1117 560 κύ·

101 609 183 669 ιιλον
212 605 473 691 ἐγγραφομένων
501 605 695 693 σχημάτων,
723 602 917 690 δεκαγώνου
944 599 1008 688 μὶν
1037 604 1117 666 ἔστω

67 707 227 794 σπλευρδι
251 709 271 794 ἡ
296 715 368 795 ΒΓ,
397 710 567 796 ἑξαγώνου
595 710 632 779 δὲ
659 710 680 797 ἡ
706 716 782 795 ΓΔ,
812 709 868 775 καὶ
892 712 1042 775 ἔστωσαν
1066 706 1114 772 ἐπ’

103 813 251 895 εὐθείας·
283 817 384 902 λέγω,
418 815 469 884 ὅτι
497 815 517 903 ἡ
547 816 608 903 ὅλη
636 814 754 885 εὐθεῖα
780 815 801 901 ἡ
832 821 894 882 ΒΛ
927 811 1035 900 ἄκρον
1064 809 1118 878 καὶ

103 923 207 1008 μέσον
238 922 342 1008 λόγον
373 923 542 1010 τέτμηται,
574 924 630 992 καὶ
661 921 699 991 τὸ
732 927 844 1009 μεῖζον
877 918 982 1005 αὐτῆς
1008 915 1118 1004 τμῆμά

104 1030 194 1095 ἐστιν
217 1028 238 1114 ἡ
262 1034 333 1095 ΓΔ.

170 1134 337 1220 Εἰλήφθω
356 1133 421 1224 γὰρ
440 1136 478 1205 τὸ
496 1137 636 1224 κέντρον
654 1139 715 1204 τοῦ
730 1133 856 1202 κύκλου
869 1129 907 1199 τὸ
923 1138 955 1198 Ε
968 1143 1118 1216 σημεῖον,

52 1266 85 1314 10
104 1240 159 1305 καὶ
187 1238 439 1327 ἐπεζεύχθωσαν
466 1245 503 1308 αί
530 1248 608 1327 ΕΒ,
636 1246 713 1326 ΕΓ,
742 1247 826 1325 ΕΛ,
855 1237 911 1305 καὶ
939 1237 1073 1324 διήχθω
1099 1235 1119 1322 ἡ

106 1354 171 1414 ΒΕ
197 1347 248 1415 ἐπὶ
280 1347 317 1415 τὸ
348 1357 388 1416 Α.
438 1347 506 1416 ἐπεὶ
536 1346 730 1432 δεκαγώνου
759 1343 961 1431 ἰσοπλεύρου
992 1339 1119 1428 πλευρά

107 1457 197 1520 ἐστιν
225 1449 245 1538 ἡ
274 1459 346 1537 ΒΓ,
374 1460 629 1521 πενταπλασίων
656 1452 722 1539 ἄρα
750 1452 770 1538 ἡ
799 1457 898 1519 ΑΓΒ
926 1451 1120 1536 περιφέρεια

105 1564 164 1645 τῆς
186 1564 252 1627 ΒΓ
275 1564 497 1646 περιφερείας·
524 1567 772 1644 τετραπλασίων
798 1557 866 1643 ἄρα
891 1553 913 1642 ἡ
937 1561 1007 1622 ΑΓ
1031 1579 1120 1643 περι-

107 1667 222 1752 φέρεια
250 1669 308 1752 τῆς
333 1671 402 1734 ΓΒ.
453 1692 498 1744 τις
526 1665 564 1733 δὲ
591 1662 612 1751 ἡ
636 1672 705 1733 ΑΓ
727 1665 920 1752 περιφέρεια
946 1660 1034 1750 πρὸς
1062 1657 1122 1746 τὴν

55 1795 87 1843 15
107 1779 182 1859 ΓΒ,
212 1769 318 1850 οὕτως
340 1770 360 1857 ἡ
385 1770 450 1839 ὑπὸ
475 1777 581 1840 ΑΕΓ
597 1777 704 1857 γωνία
726 1769 811 1858 πρὸς
832 1767 895 1856 τὴν
918 1765 984 1835 ὑπὸ
1009 1773 1122 1835 ΓΕΒ·

106 1883 355 1964 τετραπλασίων
382 1875 447 1965 ἄρα
474 1875 494 1963 ἡ
522 1875 589 1946 ὑπὸ
611 1884 716 1945 ΑΕΓ
738 1880 795 1964 της
823 1873 890 1945 ὑπὸ
914 1880 1020 1942 ΓΕΒ.
1067 1873 1123 1940 καὶ

108 1985 177 2054 ἐπεὶ
208 1993 262 2070 ίση
290 1982 311 2070 ἡ
344 1983 410 2051 ὑπὸ
439 1989 540 2051 ΕΒΓ
562 1991 668 2069 γωνία
700 1988 739 2072 τῇ
768 1982 834 2051 ὑπὸ
863 1987 974 2065 ΕΓΒ,
1005 1979 1027 2067 ἡ
1058 1981 1124 2068 ἄρα

107 2090 173 2158 ὑπὸ
198 2096 301 2159 ΑΕΓ
325 2095 431 2176 γωνία
459 2095 617 2158 διπλασία
646 2089 715 2157 ἐστὶ
741 2094 800 2175 τῆς
826 2088 892 2157 ὑπὸ
917 2093 1021 2156 ΕΓΒ.
1069 2086 1124 2153 καί

110 2196 179 2263 ἐπεὶ
212 2205 266 2281 ίση
299 2197 391 2263 ἐστὶν
422 2197 442 2283 ἡ
470 2203 536 2264 ΕΓ
564 2194 682 2264 εὐθεῖα
713 2200 753 2284 τῇ
782 2202 856 2264 ΓΛ·
890 2194 1027 2280 ἑκατέρα
1060 2190 1124 2278 γὰρ

56 2324 90 2372 20
110 2299 220 2369 αὐτῶν
244 2308 299 2386 ίση
325 2303 393 2369 ἐστὶ
416 2306 455 2389 τῇ
479 2307 540 2369 τοῦ
564 2301 734 2387 ἑξαγώνου
756 2305 884 2389 πλευρᾷ
912 2304 973 2367 τοῦ
997 2303 1046 2378 είς
1064 2301 1125 2367 τὸν

109 2413 212 2476 ΑΒΓ
239 2405 364 2474 κύκλον
397 2409 694 2494 [ἐγγραφομένον]·
727 2415 783 2494 ίση
819 2407 887 2475 ἐστὶ
919 2407 975 2473 καὶ
1006 2403 1028 2491 ἡ
1058 2403 1125 2473 ὑπὸ

110 2520 206 2582 ΓΕΑ
237 2517 343 2598 γωνία
375 2516 414 2600 τῇ
447 2510 512 2579 ὑπὸ
541 2519 640 2581 ΓΔΕ
665 2519 784 2603 γωνία
818 2516 977 2580 διπλασία
1004 2509 1071 2600 ἄρα
1104 2510 1125 2597 ἡ

109 2621 174 2688 ὑπὸ
201 2626 295 2687 ΕΓΒ
319 2624 425 2705 γωνία
447 2623 506 2704 τῆς
527 2616 592 2686 ὑπὸ
612 2626 717 2686 ΕΑΓ.
754 2616 838 2686 ἀλλὰ
861 2621 919 2705 τῆς
941 2615 1007 2685 ὑπὸ
1029 2624 1125 2686 ΕΓΒ

111 2731 269 2794 διπλασία
302 2728 436 2812 ἐδείχθη
469 2724 489 2810 ἡ
521 2724 587 2792 ὑπὸ
618 2730 728 2791 ΑΕΓ·
761 2729 981 2809 τετραπλασία
1009 2721 1078 2808 ἄρα
1105 2722 1125 2808 ἡ

59 2853 92 2902 25
111 2829 177 2900 ὑπὸ
206 2837 309 2900 ΑΕΓ
332 2834 390 2916 τῆς
416 2829 481 2899 ὑπὸ
511 2836 615 2898 ΕΑΓ.
662 2833 796 2917 ἐδείχθη
826 2828 863 2896 δὲ
890 2830 945 2895 καὶ
972 2832 1031 2914 τῆς
1060 2828 1125 2896 ὑπδ

112 2944 212 3006 ΒΕΓ
230 2942 449 3025 τετραπλασία
472 2934 493 3022 ἡ
516 2934 582 3004 ὑπὸ
604 2942 713 3002 ΑΕΓ·
738 2944 793 3021 ίση
816 2933 882 3022 ἄρα
900 2934 921 3020 ἡ
940 2930 1008 3002 ὑπὸ
1028 2938 1130 3002 ΕΔΓ

186 3121 209 3167 1.
228 3114 293 3183 καί]
309 3114 405 3183 (prius)
421 3130 489 3169 corr.
509 3129 543 3168 ex
561 3109 634 3167 αατολ
653 3131 689 3168 m.
709 3128 763 3167 ree.
778 3111 810 3167 P.
865 3118 889 3166 7.
908 3111 976 3166 Ροελ
993 3108 1127 3180 τέτμηται

113 3185 177 3240 add.
196 3181 269 3238 κατὰ
288 3181 510 3252 vbs'V,Bm.
529 3189 554 3237 2.
611 3190 652 3239 11.
667 3186 719 3237 ΕΒ
738 3182 765 3239 b.
819 3183 892 3236 Ante
912 3177 1059 3236 ἐπείοδὰ.
1080 3182 1130 3235 καί

114 3253 343 3323 BVq,Pm.2.
417 3255 467 3309 τοῦ
487 3256 583 3324 δεκαγ.
603 3273 629 3324 q.
705 3259 747 3308 12.
766 3253 857 3325 ΑΓΒ]
877 3252 908 3306 in
925 3269 979 3307 ras.
1000 3251 1125 3316 mv,

114 3326 393 3381 Badd.m‚rec.b.
467 3332 508 3380 13.
529 3324 886 3396 BP-14.1f1]0m.b.
957 3323 1124 3394 .15.ΑΕΓ]

116 3401 142 3450 Γ
159 3413 228 3451 corr.
248 3414 282 3450 ex
303 3403 321 3450 Β
341 3416 377 3452 m.
397 3414 450 3451 rec.
470 3398 496 3451 b.
579 3402 620 3450 16.
640 3393 696 3464 ἄρα
717 3392 792 3450 ἐστίν
811 3397 840 3450 Ρ.
923 3400 965 3451 1⁷.
985 3395 1031 3463 ίση
1052 3390 1125 3449 ἐστίν

112 3469 142 3522 P.
237 3473 278 3522 18.
297 3469 397 3541 ΑΕΓ]
418 3466 545 3534 ΕΑΓΒ,
565 3484 634 3523 corr.
653 3486 689 3521 m.
710 3472 733 3520 2.
826 3466 979 3520 διπλασίων
998 3464 1032 3520 V.
