2340 3818
103 161 146 227 88
472 163 672 215 ΣΤΟΙΧΕΙΩΝ
691 159 742 217 ια’.

102 302 139 372 τὸ
174 303 236 390 μὲν
264 309 324 371 ΓΖ
351 303 698 391 παραλληλόγραμμον
730 313 775 395 τῷ
804 309 881 370 ΒΜ
908 307 1119 390 παραλληλο-

102 411 242 503 γράμμῳ
270 417 361 496 ίσον,
394 407 431 476 τὸ
460 409 498 479 δὲ
525 416 597 478 ΓΗ
619 419 664 502 τῷ
692 415 773 477 ΒΝ·
806 407 1009 478 ἀπεναντίον
1036 405 1116 494 γάρ·

101 517 157 584 καί
180 515 217 584 τὸ
240 521 367 603 πρίσμα
390 513 456 600 ἄρα
478 514 515 584 τὸ
539 515 776 604 περιεχόμενον
798 513 864 584 ὑπὸ
884 515 947 584 δύο
967 513 1028 601 μὲν
1046 538 1114 597 τρι·

101 623 222 710 μῶνων
245 633 313 690 τῶν
336 629 456 707 ΑΖΗ,
485 628 600 709 ΔΓΕ,
628 625 731 708 τριῶν
759 621 797 691 δὲ
818 616 1119 707 παραλληλογράμ

67 747 82 796 5
101 756 175 816 μων
203 738 271 797 τῶν
294 736 379 812 ΛΔ,
408 733 496 813 ΔΗ,
523 733 596 795 ΓΗ
620 735 697 795 ίσον
725 727 794 795 ἐστὶ
820 731 866 819 τῷ
889 732 1046 814 πρίσματι
1071 726 1119 817 τῷ

101 834 324 924 περιεχομένῳ
365 829 431 901 ὑπὸ
469 832 533 901 δύο
570 833 632 919 μὲν
668 833 843 921 τριγώνων
879 843 947 902 τῶν
984 836 1121 916 ΜΛΝ,

102 947 217 1025 ΘΒΚ,
245 943 348 1026 τριῶν
376 939 415 1008 δὲ
440 939 795 1027 παραλληλογράμμων
822 943 890 1009 τῶν
914 946 1002 1024 ΒΜ,
1031 943 1107 1004 ΘΝ
1108 987 1120 1022 ,

102 1054 179 1114 ΒΝ.
228 1043 345 1113 κοινὸν
372 1051 585 1132 προσκείσθω
612 1045 649 1114 τὸ
679 1044 831 1133 στερεὸν,
860 1037 902 1114 οὗ
929 1044 1026 1132 βάσις
1054 1041 1120 1130 μὲν

101 1150 138 1220 τὸ
154 1161 186 1218 Α
191 1158 219 1218 Β
238 1150 600 1239 παραλληλόγραμμον,
623 1149 825 1220 ἀπεναντίον
849 1151 887 1220 δὲ
904 1151 942 1220 τὸ
957 1157 1061 1218 ΗΕΘ
1069 1155 1120 1216 M·

50 1277 82 1326 10
107 1255 187 1326 ὅλον
215 1255 341 1344 ἄρατὸ
365 1263 442 1325 ΓΜ
465 1257 600 1345 στερεὸν
626 1261 956 1345 παραλληλεπίπεδον
980 1257 1047 1345 ὅλῳ
1072 1265 1120 1347 τῷ

102 1369 174 1431 ΓΝ
192 1365 313 1454 στερεῷ
337 1364 656 1454 παραλληλεπιπέδῳ
680 1371 756 1432 ίσον
780 1366 879 1432 ἐστίν.

173 1467 219 1535 Τὰ
247 1468 313 1556 ἄρα
340 1468 394 1536 ἐπὶ
420 1478 479 1554 τῆς
506 1465 608 1556 αὐτῆς
636 1468 764 1555 βάσεως
787 1467 869 1537 ὅντα
892 1467 1008 1556 στερεὰ
1031 1492 1121 1556 παρ-

103 1578 344 1661 αλληλεπίπεδα
362 1574 418 1641 καί
436 1571 502 1641 ὑπὸ
522 1571 559 1641 τὸ
579 1572 661 1642 αὐτὸ
680 1573 781 1660 ὕψος,
806 1567 854 1644 ῶν
874 1577 911 1641 αι’
928 1577 1120 1662 ἐφεστῶσαι

102 1681 154 1749 ἐπὶ
186 1683 253 1748 τῶν
285 1679 397 1749 αὐτῶν
428 1683 514 1748 είσιν
543 1678 704 1766 εὐθειῶν,
737 1688 794 1749 ίσα
826 1677 981 1767 ἀλλήλοις
1009 1682 1118 1748 ἐστίν·

51 1807 83 1857 15
103 1786 184 1875 ὅπερ
209 1791 275 1856 ἔδει
299 1789 413 1868 δείξαι.

589 1926 627 1995 λ’.

173 2053 224 2120 Τὰ
248 2052 313 2120 ἐπὶ
335 2061 404 2139 τῆς
427 2048 547 2138 αὐτῆς
570 2050 722 2137 βάσεως
746 2048 839 2120 ὅντα
863 2051 1001 2139 στερεὰ
1020 2075 1119 2137 παρ·

101 2162 393 2244 αλληλεπίπεδα
414 2158 479 2225 καὶ
500 2154 574 2225 ὑπὸ
599 2155 640 2225 τὸ
665 2154 759 2225 αὐτὸ
777 2155 894 2242 ὕψος,
919 2149 971 2226 ῶν
991 2160 1033 2224 αί
1051 2159 1118 2244 ἐφ·

102 2273 270 2332 εστῶσαι
293 2260 364 2330 οὐκ
387 2263 492 2330 είσλν
516 2264 672 2331 ἐπὶτῶν
692 2259 821 2331 αὐτῶν
840 2262 1025 2347 εὐθειῶν,
1051 2271 1118 2331 ίσα

49 2391 83 2441 20
103 2368 291 2454 ἀλλήλοις
315 2369 433 2437 ἐστίν.

162 2473 268 2542 Ἔστω
293 2473 345 2541 ἐπὶ
363 2477 426 2559 ’τῆς
449 2469 552 2560 αὐτῆς
573 2472 703 2560 βάσεως
724 2476 783 2559 τῆς
804 2480 869 2540 AB
894 2471 1010 2561 στερεὰ
1032 2499 1117 2562 παρ-

102 2583 345 2666 αλληλεπίπεδα
367 2577 407 2646 τὰ
430 2585 518 2665 ΓΜ,
537 2585 608 2648 ΓΝ
626 2576 692 2648 ὑπὸ
715 2578 753 2646 τὸ
777 2579 859 2648 αὐτὸ
882 2581 984 2665 ὕψος,
1008 2569 1058 2648 ῶν
1082 2581 1122 2646 αί

102 2689 286 2774 ἐφεστῶσαι
313 2688 351 2753 αί
372 2693 452 2771 ΑΖ,
480 2691 568 2770 ΑΗ,
595 2691 685 2771 ΛΜ,
713 2690 799 2770 ΛΝ,
826 2691 908 2772 ΓΔ,
935 2692 1013 2772 ΓΕ,
1037 2691 1117 2771 ΒΘ,

102 2799 171 2860 ΒΚ
198 2791 243 2879 μὴ
272 2796 420 2859 ἔστωσαν
448 2792 591 2860 ἐπὶτῶν
615 2789 728 2860 αὐτῶν
751 2788 908 2860 εὐθειῶν·
935 2793 1037 2878 λέγω,
1066 2789 1118 2858 ὅτι

49 2919 82 2969 25
103 2906 178 2966 ίσον
202 2898 271 2965 ἐστὶ
294 2894 331 2964 τὸ
356 2902 435 2964 ΓΜ
454 2894 590 2982 στερεὸν
611 2905 657 2988 τῷ
682 2900 753 2963 ΓΝ
772 2898 902 2987 στερεῷ.

166 3001 466 3088 Ἐκβεβλήσθωσαν
493 2999 557 3089 γὰρ
586 3004 624 3068 αί
648 3007 735 3088 NK,
759 3009 826 3069 ΔΘ
854 3002 910 3069 καὶ
937 3002 1116 3088 σνμπιπτέ·

174 3205 198 3251 2.
218 3193 261 3268 τό]
281 3212 351 3250 corr
371 3212 405 3250 ex
423 3197 461 3268 τῷ
479 3213 516 3251 m.
537 3197 601 3251 lF.
703 3203 727 3252 3.
747 3195 800 3266 μὲν
819 3193 875 3252 νπὸ
895 3195 948 3253 δύο
968 3196 1025 3253 Vb.

102 3275 126 3323 4.
147 3269 245 3349 ΔΓΕ]
275 3266 410 3322 ΔΕΓΒ.
517 3267 635 3340 ΜΗ]
665 3268 1117 3407 ΗΓ1,ειειηηεεε.ω.ι],

103 3356 170 3394 corr.
190 3339 221 3392 in
241 3343 352 3394 FHm
372 3338 434 3394 2b.
526 3346 550 3394 6
570 3337 678 3410 ΜΛΝ
705 3341 856 3394 Νεοοττ
1002 3337 1116 3407 Μῶν]

103 3409 218 3465 sustulit
234 3410 346 3465 macula
364 3409 446 3474 inv,
466 3426 550 3494 supra
569 3411 651 3464 est*
630 3431 652 3464 ω
667 3337 734 3466 ]add
753 3429 770 3463 ν
789 3427 826 3465 m
844 3416 870 3466 2.
961 3406 1035 3479 ΘΝ]
1055 3409 1117 3461 ΝΘ

68 3480 314 3598 ΪΓείεοοτν
332 3481 363 3535 V
427 3486 450 3538 9.
470 3500 502 3535 το
519 3481 663 3554 ΗΕΘΜ]
681 3479 974 3552 mg(add1tqu)b
992 3479 1117 3536 intextu
