<?xml version="1.0" encoding="UTF-8"?>
<!DOCTYPE html PUBLIC "-//W3C//DTD XHTML 1.0 Transitional//EN"
    "http://www.w3.org/TR/xhtml1/DTD/xhtml1-transitional.dtd">
<html xmlns="http://www.w3.org/1999/xhtml" xml:lang="en" lang="en">
 <head>
  <title>
</title>
<meta http-equiv="Content-Type" content="text/html;charset=utf-8" />
  <meta name='ocr-system' content='tesseract 3.04.00' />
  <meta name='ocr-capabilities' content='ocr_page ocr_carea ocr_par ocr_line ocrx_word'/>
</head>
<body>
  <div class='ocr_page' id='page_1' title='image "./euclidisoperaom04unkngoog_0245.png"; bbox 0 0 2340 3818; ppageno 0'>
   <div class='ocr_carea' id='block_1_1' title="bbox 26 40 458 55">
    <p class='ocr_par' dir='ltr' id='par_1_1' title="bbox 26 40 458 55">
     <span class='ocr_line' id='line_1_1' title="bbox 26 40 458 55; baseline -0.014 0"><span class='ocrx_word' id='word_1_1' title='bbox 26 40 458 55; x_wconf 61' lang='lat' dir='ltr'><strong><em>—---*—n--—-—</em></strong></span> 
     </span>
    </p>
   </div>
   <div class='ocr_carea' id='block_1_2' title="bbox 105 223 749 299">
    <p class='ocr_par' dir='ltr' id='par_1_2' title="bbox 105 223 749 299">
     <span class='ocr_line' id='line_1_2' title="bbox 105 223 749 299; baseline -0.011 -11"><span class='ocrx_word' id='word_1_2' title='bbox 105 223 171 288; x_wconf 79' lang='lat'><strong><em>222</em></strong></span> <span class='ocrx_word' id='word_1_3' title='bbox 479 226 680 280; x_wconf 67' lang='grc' dir='ltr'><strong><em>Συοαειαει</em></strong></span> <span class='ocrx_word' id='word_1_4' title='bbox 698 223 749 299; x_wconf 78' lang='grc' dir='ltr'><strong><em>ιβ’.</em></strong></span> 
     </span>
    </p>
   </div>
   <div class='ocr_carea' id='block_1_3' title="bbox 49 357 1124 2369">
    <p class='ocr_par' dir='ltr' id='par_1_3' title="bbox 103 357 1123 775">
     <span class='ocr_line' id='line_1_3' title="bbox 161 357 1119 456; baseline -0.001 -21"><span class='ocrx_word' id='word_1_5' title='bbox 161 365 336 435; x_wconf 82' lang='grc' dir='ltr'><strong><em>Ἔστωσαν</em></strong></span> <span class='ocrx_word' id='word_1_6' title='bbox 360 374 428 435; x_wconf 87' lang='grc' dir='ltr'><strong><em>ίσοι</em></strong></span> <span class='ocrx_word' id='word_1_7' title='bbox 450 377 556 436; x_wconf 79' lang='grc' dir='ltr'><strong><em>κῶνοι</em></strong></span> <span class='ocrx_word' id='word_1_8' title='bbox 573 367 630 435; x_wconf 79' lang='grc' dir='ltr'><strong><em>καὶ</em></strong></span> <span class='ocrx_word' id='word_1_9' title='bbox 649 366 835 456; x_wconf 86' lang='grc' dir='ltr'><strong><em>κύλινδροι,</em></strong></span> <span class='ocrx_word' id='word_1_10' title='bbox 858 357 908 436; x_wconf 78' lang='grc' dir='ltr'><strong><em>ὦν</em></strong></span> <span class='ocrx_word' id='word_1_11' title='bbox 926 364 1043 452; x_wconf 80' lang='grc' dir='ltr'><em>βάσεις</em></span> <span class='ocrx_word' id='word_1_12' title='bbox 1061 364 1119 452; x_wconf 69' lang='grc' dir='ltr'><strong><em>μὲν</em></strong></span> 
     </span>
     <span class='ocr_line' id='line_1_4' title="bbox 104 469 1123 562; baseline 0 -23"><span class='ocrx_word' id='word_1_13' title='bbox 104 476 139 540; x_wconf 93' lang='grc' dir='ltr'><strong><em>οί</em></strong></span> <span class='ocrx_word' id='word_1_14' title='bbox 165 481 314 561; x_wconf 87' lang='grc' dir='ltr'><em>ΑΒΓΔ,</em></span> <span class='ocrx_word' id='word_1_15' title='bbox 348 481 487 542; x_wconf 82' lang='grc' dir='ltr'><strong><em>ΕΖΗΘ</em></strong></span> <span class='ocrx_word' id='word_1_16' title='bbox 513 474 645 560; x_wconf 88' lang='grc' dir='ltr'><strong><em>κύκλοι,</em></strong></span> <span class='ocrx_word' id='word_1_17' title='bbox 679 473 851 562; x_wconf 77' lang='grc' dir='ltr'><em>διάμετροι</em></span> <span class='ocrx_word' id='word_1_18' title='bbox 880 472 918 540; x_wconf 71' lang='grc' dir='ltr'><strong><em>δὲ</em></strong></span> <span class='ocrx_word' id='word_1_19' title='bbox 946 469 1060 540; x_wconf 76' lang='grc' dir='ltr'><strong><em>αὐτῶν</em></strong></span> <span class='ocrx_word' id='word_1_20' title='bbox 1087 474 1123 539; x_wconf 87' lang='grc' dir='ltr'><strong><em>αλ</em></strong></span> 
     </span>
     <span class='ocr_line' id='line_1_5' title="bbox 103 575 1119 667; baseline -0.002 -20"><span class='ocrx_word' id='word_1_21' title='bbox 103 586 178 664; x_wconf 89' lang='grc' dir='ltr'><strong><em>ΑΓ,</em></strong></span> <span class='ocrx_word' id='word_1_22' title='bbox 206 587 291 667; x_wconf 87' lang='grc' dir='ltr'><strong><em>ΕΗ,</em></strong></span> <span class='ocrx_word' id='word_1_23' title='bbox 319 579 436 662; x_wconf 83' lang='grc' dir='ltr'><strong><em>άξονες</em></strong></span> <span class='ocrx_word' id='word_1_24' title='bbox 464 580 501 648; x_wconf 73' lang='grc' dir='ltr'><strong><em>δὲ</em></strong></span> <span class='ocrx_word' id='word_1_25' title='bbox 529 584 564 649; x_wconf 93' lang='grc' dir='ltr'><strong><em>οί</em></strong></span> <span class='ocrx_word' id='word_1_26' title='bbox 585 587 666 667; x_wconf 89' lang='grc' dir='ltr'><strong><em>ΚΛ,</em></strong></span> <span class='ocrx_word' id='word_1_27' title='bbox 693 587 790 666; x_wconf 96' lang='grc' dir='ltr'><strong><em>ΜΝ,</em></strong></span> <span class='ocrx_word' id='word_1_28' title='bbox 818 583 940 660; x_wconf 81' lang='grc' dir='ltr'><strong><em>οἵτινες</em></strong></span> <span class='ocrx_word' id='word_1_29' title='bbox 967 575 1119 666; x_wconf 84' lang='grc' dir='ltr'><strong><em>καὶῦψη</em></strong></span> 
     </span>
     <span class='ocr_line' id='line_1_6' title="bbox 103 683 1120 775; baseline -0.001 -22"><span class='ocrx_word' id='word_1_30' title='bbox 103 686 168 753; x_wconf 83' lang='grc' dir='ltr'><strong><em>είσὶ</em></strong></span> <span class='ocrx_word' id='word_1_31' title='bbox 186 698 255 755; x_wconf 80' lang='grc' dir='ltr'><strong><em>τῶν</em></strong></span> <span class='ocrx_word' id='word_1_32' title='bbox 273 686 394 755; x_wconf 85' lang='grc' dir='ltr'><strong><em>κάνων</em></strong></span> <span class='ocrx_word' id='word_1_33' title='bbox 413 683 433 772; x_wconf 88' lang='grc' dir='ltr'><strong><em>ή</em></strong></span> <span class='ocrx_word' id='word_1_34' title='bbox 452 692 655 775; x_wconf 73' lang='grc' dir='ltr'><em>κυλίνδρων,</em></span> <span class='ocrx_word' id='word_1_35' title='bbox 678 686 735 754; x_wconf 79' lang='grc' dir='ltr'><strong><em>καὶ</em></strong></span> <span class='ocrx_word' id='word_1_36' title='bbox 754 683 1120 773; x_wconf 74' lang='grc' dir='ltr'><strong><em>συμπεπληρώσθωσαν</em></strong></span> 
     </span>
    </p>

    <p class='ocr_par' dir='ltr' id='par_1_4' title="bbox 67 791 1124 1198">
     <span class='ocr_line' id='line_1_7' title="bbox 67 791 1119 880; baseline -0.003 -18"><span class='ocrx_word' id='word_1_37' title='bbox 67 794 139 862; x_wconf 76' lang='grc' dir='ltr'><strong><em>οοί</em></strong></span> <span class='ocrx_word' id='word_1_38' title='bbox 159 794 241 877; x_wconf 78' lang='grc' dir='ltr'><strong><em>ΑΞ,</em></strong></span> <span class='ocrx_word' id='word_1_39' title='bbox 269 799 335 858; x_wconf 83' lang='grc' dir='ltr'><strong><em>ΒΟ</em></strong></span> <span class='ocrx_word' id='word_1_40' title='bbox 356 791 547 880; x_wconf 89' lang='grc' dir='ltr'><strong><em>κύλινδροι.</em></strong></span> <span class='ocrx_word' id='word_1_41' title='bbox 576 793 677 878; x_wconf 79' lang='grc' dir='ltr'><strong><em>λέγω,</em></strong></span> <span class='ocrx_word' id='word_1_42' title='bbox 706 792 850 860; x_wconf 80' lang='grc' dir='ltr'><strong><em>ὅτιτῶν</em></strong></span> <span class='ocrx_word' id='word_1_43' title='bbox 872 794 953 877; x_wconf 76' lang='grc' dir='ltr'><strong><em>ΑΞ,</em></strong></span> <span class='ocrx_word' id='word_1_44' title='bbox 977 797 1045 859; x_wconf 86' lang='grc' dir='ltr'><strong><em>ΕΟ</em></strong></span> <span class='ocrx_word' id='word_1_45' title='bbox 1065 816 1119 859; x_wconf 92' lang='grc' dir='ltr'><strong><em>κυ-</em></strong></span> 
     </span>
     <span class='ocr_line' id='line_1_8' title="bbox 103 895 1124 985; baseline -0.001 -21"><span class='ocrx_word' id='word_1_46' title='bbox 103 902 251 985; x_wconf 89' lang='grc' dir='ltr'><strong><em>λίνδρων</em></strong></span> <span class='ocrx_word' id='word_1_47' title='bbox 278 895 567 966; x_wconf 79' lang='grc' dir='ltr'><strong><em>ἀντιπεπόνθασιν</em></strong></span> <span class='ocrx_word' id='word_1_48' title='bbox 596 902 633 966; x_wconf 91' lang='grc' dir='ltr'><strong><em>αί</em></strong></span> <span class='ocrx_word' id='word_1_49' title='bbox 659 898 772 983; x_wconf 79' lang='grc' dir='ltr'><strong><em>βάσεις</em></strong></span> <span class='ocrx_word' id='word_1_50' title='bbox 798 911 868 979; x_wconf 79' lang='grc' dir='ltr'><strong><em>τοῖς</em></strong></span> <span class='ocrx_word' id='word_1_51' title='bbox 895 895 1036 984; x_wconf 92' lang='grc' dir='ltr'><strong><em>ὕψεσιν,</em></strong></span> <span class='ocrx_word' id='word_1_52' title='bbox 1066 903 1124 964; x_wconf 87' lang='grc' dir='ltr'><strong><em>καί</em></strong></span> 
     </span>
     <span class='ocr_line' id='line_1_9' title="bbox 103 1001 1120 1093; baseline -0.001 -22"><span class='ocrx_word' id='word_1_53' title='bbox 103 1005 193 1071; x_wconf 83' lang='grc' dir='ltr'><strong><em>ἐστιν</em></strong></span> <span class='ocrx_word' id='word_1_54' title='bbox 226 1001 272 1083; x_wconf 76' lang='grc' dir='ltr'><strong><em>ὥς</em></strong></span> <span class='ocrx_word' id='word_1_55' title='bbox 300 1001 321 1089; x_wconf 86' lang='grc' dir='ltr'><strong><em>ή</em></strong></span> <span class='ocrx_word' id='word_1_56' title='bbox 350 1009 485 1071; x_wconf 86' lang='grc' dir='ltr'><em>ΑΒΓΔ</em></span> <span class='ocrx_word' id='word_1_57' title='bbox 516 1002 614 1090; x_wconf 89' lang='grc' dir='ltr'><strong><em>βάσις</em></strong></span> <span class='ocrx_word' id='word_1_58' title='bbox 641 1003 725 1093; x_wconf 83' lang='grc' dir='ltr'><strong><em>πρὸς</em></strong></span> <span class='ocrx_word' id='word_1_59' title='bbox 752 1003 814 1091; x_wconf 85' lang='grc' dir='ltr'><strong><em>τήν</em></strong></span> <span class='ocrx_word' id='word_1_60' title='bbox 843 1010 981 1072; x_wconf 81' lang='grc' dir='ltr'>ΕΖΗΘ</span> <span class='ocrx_word' id='word_1_61' title='bbox 1009 1002 1120 1090; x_wconf 92' lang='grc' dir='ltr'><strong><em>βάσιν,</em></strong></span> 
     </span>
     <span class='ocr_line' id='line_1_10' title="bbox 103 1108 858 1198; baseline 0.003 -22"><span class='ocrx_word' id='word_1_62' title='bbox 103 1108 210 1190; x_wconf 89' lang='grc' dir='ltr'><strong><em>οὕτως</em></strong></span> <span class='ocrx_word' id='word_1_63' title='bbox 232 1108 269 1177; x_wconf 90' lang='grc' dir='ltr'><strong><em>τὸ</em></strong></span> <span class='ocrx_word' id='word_1_64' title='bbox 294 1115 377 1176; x_wconf 89' lang='grc' dir='ltr'><strong><em>ΜΝ</em></strong></span> <span class='ocrx_word' id='word_1_65' title='bbox 396 1109 483 1190; x_wconf 98' lang='grc' dir='ltr'><strong><em>ὕψος</em></strong></span> <span class='ocrx_word' id='word_1_66' title='bbox 504 1109 590 1198; x_wconf 91' lang='grc' dir='ltr'><strong><em>πρὸς</em></strong></span> <span class='ocrx_word' id='word_1_67' title='bbox 611 1109 649 1179; x_wconf 87' lang='grc' dir='ltr'><strong><em>τὸ</em></strong></span> <span class='ocrx_word' id='word_1_68' title='bbox 674 1117 740 1178; x_wconf 89' lang='grc' dir='ltr'><strong><em>ΚΑ</em></strong></span> <span class='ocrx_word' id='word_1_69' title='bbox 761 1108 858 1192; x_wconf 90' lang='grc' dir='ltr'><strong><em>ὕψος.</em></strong></span> 
     </span>
    </p>

    <p class='ocr_par' dir='ltr' id='par_1_5' title="bbox 173 1213 1120 1308">
     <span class='ocr_line' id='line_1_11' title="bbox 173 1213 1120 1308; baseline 0.001 -25"><span class='ocrx_word' id='word_1_70' title='bbox 173 1215 217 1284; x_wconf 86' lang='grc' dir='ltr'><strong><em>Τδ</em></strong></span> <span class='ocrx_word' id='word_1_71' title='bbox 247 1213 312 1303; x_wconf 78' lang='grc' dir='ltr'><strong><em>γάρ</em></strong></span> <span class='ocrx_word' id='word_1_72' title='bbox 335 1222 407 1283; x_wconf 89' lang='grc' dir='ltr'><strong><em>ΑΚ</em></strong></span> <span class='ocrx_word' id='word_1_73' title='bbox 430 1215 517 1297; x_wconf 93' lang='grc' dir='ltr'><strong><em>ὕψος</em></strong></span> <span class='ocrx_word' id='word_1_74' title='bbox 543 1226 589 1308; x_wconf 76' lang='grc' dir='ltr'><strong><em>τῷ</em></strong></span> <span class='ocrx_word' id='word_1_75' title='bbox 614 1220 697 1283; x_wconf 89' lang='grc' dir='ltr'><strong><em>ΜΝ</em></strong></span> <span class='ocrx_word' id='word_1_76' title='bbox 719 1216 799 1298; x_wconf 91' lang='grc' dir='ltr'><strong><em>ὕψει</em></strong></span> <span class='ocrx_word' id='word_1_77' title='bbox 827 1214 902 1302; x_wconf 91' lang='grc' dir='ltr'><strong><em>ήτοι</em></strong></span> <span class='ocrx_word' id='word_1_78' title='bbox 929 1223 1007 1284; x_wconf 86' lang='grc' dir='ltr'><strong><em>ίσον</em></strong></span> <span class='ocrx_word' id='word_1_79' title='bbox 1032 1216 1120 1284; x_wconf 83' lang='grc' dir='ltr'><strong><em>ἐστὶν</em></strong></span> 
     </span>
    </p>

    <p class='ocr_par' dir='ltr' id='par_1_6' title="bbox 49 1318 1120 2369">
     <span class='ocr_line' id='line_1_12' title="bbox 49 1318 1120 1411; baseline -0.003 -18"><span class='ocrx_word' id='word_1_80' title='bbox 49 1318 123 1407; x_wconf 84' lang='grc' dir='ltr'><strong><em>1οή</em></strong></span> <span class='ocrx_word' id='word_1_81' title='bbox 153 1320 203 1389; x_wconf 86' lang='grc' dir='ltr'><strong><em>οὕ.</em></strong></span> <span class='ocrx_word' id='word_1_82' title='bbox 250 1327 332 1390; x_wconf 83' lang='grc' dir='ltr'><strong><em>ἔστω</em></strong></span> <span class='ocrx_word' id='word_1_83' title='bbox 362 1321 527 1411; x_wconf 91' lang='grc' dir='ltr'><strong><em>πρότερον</em></strong></span> <span class='ocrx_word' id='word_1_84' title='bbox 555 1330 640 1391; x_wconf 78' lang='grc' dir='ltr'><strong><em>ἴσον.</em></strong></span> <span class='ocrx_word' id='word_1_85' title='bbox 686 1327 756 1390; x_wconf 81' lang='grc' dir='ltr'><strong><em>ἔστι</em></strong></span> <span class='ocrx_word' id='word_1_86' title='bbox 784 1323 822 1391; x_wconf 72' lang='grc' dir='ltr'><strong><em>δὲ</em></strong></span> <span class='ocrx_word' id='word_1_87' title='bbox 848 1323 904 1391; x_wconf 84' lang='grc' dir='ltr'><strong><em>καὶ</em></strong></span> <span class='ocrx_word' id='word_1_88' title='bbox 933 1319 951 1391; x_wconf 98' lang='lat'><em>6</em></span> <span class='ocrx_word' id='word_1_89' title='bbox 976 1324 1047 1400; x_wconf 73' lang='grc' dir='ltr'><strong><em>ΑΞ</em></strong></span> <span class='ocrx_word' id='word_1_90' title='bbox 1066 1324 1120 1391; x_wconf 89' lang='grc' dir='ltr'><strong><em>κύ-</em></strong></span> 
     </span>
     <span class='ocr_line' id='line_1_13' title="bbox 101 1426 1117 1519; baseline 0.003 -24"><span class='ocrx_word' id='word_1_91' title='bbox 101 1432 238 1514; x_wconf 90' lang='grc' dir='ltr'><strong><em>λινδρος</em></strong></span> <span class='ocrx_word' id='word_1_92' title='bbox 264 1433 310 1519; x_wconf 80' lang='grc' dir='ltr'><strong><em>τῷ</em></strong></span> <span class='ocrx_word' id='word_1_93' title='bbox 333 1436 398 1497; x_wconf 84' lang='grc' dir='ltr'><strong><em>ΕΟ</em></strong></span> <span class='ocrx_word' id='word_1_94' title='bbox 425 1433 593 1519; x_wconf 76' lang='grc' dir='ltr'><strong><em>κυλίνδρῳ</em></strong></span> <span class='ocrx_word' id='word_1_95' title='bbox 623 1437 703 1507; x_wconf 89' lang='grc' dir='ltr'><strong><em>ίσος.</em></strong></span> <span class='ocrx_word' id='word_1_96' title='bbox 754 1430 789 1495; x_wconf 90' lang='grc' dir='ltr'><strong><em>οί</em></strong></span> <span class='ocrx_word' id='word_1_97' title='bbox 815 1428 853 1496; x_wconf 73' lang='grc' dir='ltr'><strong><em>δὲ</em></strong></span> <span class='ocrx_word' id='word_1_98' title='bbox 878 1426 946 1496; x_wconf 85' lang='grc' dir='ltr'><strong><em>υπὸ</em></strong></span> <span class='ocrx_word' id='word_1_99' title='bbox 973 1430 1012 1498; x_wconf 89' lang='grc' dir='ltr'><strong><em>τὸ</em></strong></span> <span class='ocrx_word' id='word_1_100' title='bbox 1039 1427 1117 1498; x_wconf 84' lang='grc' dir='ltr'><strong><em>αὐτὸ</em></strong></span> 
     </span>
     <span class='ocr_line' id='line_1_14' title="bbox 103 1531 1118 1622; baseline 0.002 -22"><span class='ocrx_word' id='word_1_101' title='bbox 103 1531 187 1614; x_wconf 90' lang='grc' dir='ltr'><strong><em>ὕψος</em></strong></span> <span class='ocrx_word' id='word_1_102' title='bbox 211 1533 306 1615; x_wconf 84' lang='grc' dir='ltr'><strong><em>ὄντες</em></strong></span> <span class='ocrx_word' id='word_1_103' title='bbox 327 1539 432 1603; x_wconf 80' lang='grc' dir='ltr'><strong><em>κάνοι</em></strong></span> <span class='ocrx_word' id='word_1_104' title='bbox 455 1535 511 1603; x_wconf 81' lang='grc' dir='ltr'><strong><em>καὶ</em></strong></span> <span class='ocrx_word' id='word_1_105' title='bbox 534 1535 711 1622; x_wconf 89' lang='grc' dir='ltr'><strong><em>κύλινδροι</em></strong></span> <span class='ocrx_word' id='word_1_106' title='bbox 735 1534 819 1622; x_wconf 90' lang='grc' dir='ltr'><strong><em>πρὸς</em></strong></span> <span class='ocrx_word' id='word_1_107' title='bbox 841 1533 1010 1620; x_wconf 76' lang='grc' dir='ltr'><strong><em>ἀλλήλους</em></strong></span> <span class='ocrx_word' id='word_1_108' title='bbox 1034 1535 1118 1603; x_wconf 83' lang='grc' dir='ltr'><strong><em>είσὶν</em></strong></span> 
     </span>
     <span class='ocr_line' id='line_1_15' title="bbox 102 1637 1118 1728; baseline 0.001 -20"><span class='ocrx_word' id='word_1_109' title='bbox 102 1637 147 1720; x_wconf 77' lang='grc' dir='ltr'><strong><em>ὡς</em></strong></span> <span class='ocrx_word' id='word_1_110' title='bbox 169 1644 207 1708; x_wconf 73' lang='grc' dir='ltr'><strong><em>αι’</em></strong></span> <span class='ocrx_word' id='word_1_111' title='bbox 226 1642 353 1728; x_wconf 81' lang='grc' dir='ltr'><strong><em>βάσεις·</em></strong></span> <span class='ocrx_word' id='word_1_112' title='bbox 378 1651 432 1727; x_wconf 91' lang='grc' dir='ltr'><strong><em>ίση</em></strong></span> <span class='ocrx_word' id='word_1_113' title='bbox 457 1639 522 1725; x_wconf 86' lang='grc' dir='ltr'><strong><em>άρα</em></strong></span> <span class='ocrx_word' id='word_1_114' title='bbox 545 1641 602 1707; x_wconf 83' lang='grc' dir='ltr'><strong><em>καὶ</em></strong></span> <span class='ocrx_word' id='word_1_115' title='bbox 624 1637 799 1727; x_wconf 88' lang='grc' dir='ltr'><em>ήΑΒΓΔ</em></span> <span class='ocrx_word' id='word_1_116' title='bbox 821 1640 920 1726; x_wconf 90' lang='grc' dir='ltr'><strong><em>βάσις</em></strong></span> <span class='ocrx_word' id='word_1_117' title='bbox 941 1645 983 1728; x_wconf 76' lang='grc' dir='ltr'><strong><em>τῇ</em></strong></span> <span class='ocrx_word' id='word_1_118' title='bbox 997 1647 1118 1709; x_wconf 80' lang='grc' dir='ltr'><em>ΕΖΗΘ</em></span> 
     </span>
     <span class='ocr_line' id='line_1_16' title="bbox 101 1745 1117 1834; baseline 0.003 -22"><span class='ocrx_word' id='word_1_119' title='bbox 101 1745 207 1831; x_wconf 88' lang='grc' dir='ltr'><strong><em>βάσει.</em></strong></span> <span class='ocrx_word' id='word_1_120' title='bbox 231 1749 342 1817; x_wconf 78' lang='grc' dir='ltr'><strong><em>,ὥστε</em></strong></span> <span class='ocrx_word' id='word_1_121' title='bbox 370 1748 426 1816; x_wconf 84' lang='grc' dir='ltr'><strong><em>καὶ</em></strong></span> <span class='ocrx_word' id='word_1_122' title='bbox 454 1745 716 1833; x_wconf 80' lang='grc' dir='ltr'><strong><em>ἀντιπέπονθεν,</em></strong></span> <span class='ocrx_word' id='word_1_123' title='bbox 746 1745 791 1828; x_wconf 82' lang='grc' dir='ltr'><strong><em>ὡς</em></strong></span> <span class='ocrx_word' id='word_1_124' title='bbox 818 1747 839 1834; x_wconf 89' lang='grc' dir='ltr'><strong><em>ή</em></strong></span> <span class='ocrx_word' id='word_1_125' title='bbox 864 1751 999 1815; x_wconf 87' lang='grc' dir='ltr'><em>ΑΒΓΔ</em></span> <span class='ocrx_word' id='word_1_126' title='bbox 1025 1747 1117 1833; x_wconf 89' lang='grc' dir='ltr'><strong><em>βάσις</em></strong></span> 
     </span>
     <span class='ocr_line' id='line_1_17' title="bbox 50 1850 1115 1942; baseline 0 -21"><span class='ocrx_word' id='word_1_127' title='bbox 50 1873 82 1923; x_wconf 78' lang='lat'><strong><em>15</em></strong></span> <span class='ocrx_word' id='word_1_128' title='bbox 101 1852 185 1942; x_wconf 88' lang='grc' dir='ltr'><strong><em>πρὸς</em></strong></span> <span class='ocrx_word' id='word_1_129' title='bbox 206 1853 268 1939; x_wconf 86' lang='grc' dir='ltr'><strong><em>τήν</em></strong></span> <span class='ocrx_word' id='word_1_130' title='bbox 288 1862 426 1923; x_wconf 80' lang='grc' dir='ltr'><strong>ΕΖΗΘ</strong></span> <span class='ocrx_word' id='word_1_131' title='bbox 448 1853 562 1941; x_wconf 89' lang='grc' dir='ltr'><strong><em>βάσιν,</em></strong></span> <span class='ocrx_word' id='word_1_132' title='bbox 586 1853 694 1932; x_wconf 89' lang='grc' dir='ltr'><strong><em>οὕτως</em></strong></span> <span class='ocrx_word' id='word_1_133' title='bbox 715 1852 752 1920; x_wconf 90' lang='grc' dir='ltr'><strong><em>τὸ</em></strong></span> <span class='ocrx_word' id='word_1_134' title='bbox 771 1859 856 1921; x_wconf 91' lang='grc' dir='ltr'><strong><em>ΜΝ</em></strong></span> <span class='ocrx_word' id='word_1_135' title='bbox 873 1850 962 1934; x_wconf 88' lang='grc' dir='ltr'><strong><em>ὕψος</em></strong></span> <span class='ocrx_word' id='word_1_136' title='bbox 979 1853 1067 1938; x_wconf 89' lang='grc' dir='ltr'><strong><em>πρὸς</em></strong></span> <span class='ocrx_word' id='word_1_137' title='bbox 1082 1850 1115 1921; x_wconf 83' lang='grc' dir='ltr'><strong><em>τὸ</em></strong></span> 
     </span>
     <span class='ocr_line' id='line_1_18' title="bbox 101 1956 1119 2050; baseline 0.001 -24"><span class='ocrx_word' id='word_1_138' title='bbox 101 1966 170 2027; x_wconf 89' lang='grc' dir='ltr'><strong><em>ΚΛ</em></strong></span> <span class='ocrx_word' id='word_1_139' title='bbox 197 1958 291 2042; x_wconf 92' lang='grc' dir='ltr'><strong><em>ὕψος.</em></strong></span> <span class='ocrx_word' id='word_1_140' title='bbox 342 1959 426 2028; x_wconf 79' lang='grc' dir='ltr'><strong><em>ἀλλὰ</em></strong></span> <span class='ocrx_word' id='word_1_141' title='bbox 456 1958 497 2046; x_wconf 87' lang='grc' dir='ltr'><strong><em>δή</em></strong></span> <span class='ocrx_word' id='word_1_142' title='bbox 526 1958 569 2046; x_wconf 87' lang='grc' dir='ltr'><strong><em>μή</em></strong></span> <span class='ocrx_word' id='word_1_143' title='bbox 600 1964 683 2027; x_wconf 77' lang='grc' dir='ltr'><strong><em>ἔστω</em></strong></span> <span class='ocrx_word' id='word_1_144' title='bbox 706 1958 744 2027; x_wconf 88' lang='grc' dir='ltr'><strong><em>τὸ</em></strong></span> <span class='ocrx_word' id='word_1_145' title='bbox 769 1965 839 2027; x_wconf 89' lang='grc' dir='ltr'><strong><em>ΛΚ</em></strong></span> <span class='ocrx_word' id='word_1_146' title='bbox 861 1956 948 2041; x_wconf 88' lang='grc' dir='ltr'><strong><em>ὕψος</em></strong></span> <span class='ocrx_word' id='word_1_147' title='bbox 971 1961 1018 2050; x_wconf 79' lang='grc' dir='ltr'><strong><em>τῳ</em></strong></span> <span class='ocrx_word' id='word_1_148' title='bbox 1043 1964 1119 2027; x_wconf 88' lang='grc' dir='ltr'><strong><em>ΜΝ</em></strong></span> 
     </span>
     <span class='ocr_line' id='line_1_19' title="bbox 101 2061 1114 2153; baseline 0.002 -21"><span class='ocrx_word' id='word_1_149' title='bbox 101 2073 192 2150; x_wconf 88' lang='grc' dir='ltr'><strong><em>ίσον,</em></strong></span> <span class='ocrx_word' id='word_1_150' title='bbox 223 2064 297 2134; x_wconf 82' lang='grc' dir='ltr'><strong><em>ἀλλ’</em></strong></span> <span class='ocrx_word' id='word_1_151' title='bbox 323 2071 406 2134; x_wconf 78' lang='grc' dir='ltr'><strong><em>ἔστω</em></strong></span> <span class='ocrx_word' id='word_1_152' title='bbox 430 2072 542 2153; x_wconf 80' lang='grc' dir='ltr'><strong><em>μεῖζον</em></strong></span> <span class='ocrx_word' id='word_1_153' title='bbox 564 2064 602 2133; x_wconf 85' lang='grc' dir='ltr'><strong><em>τὸ</em></strong></span> <span class='ocrx_word' id='word_1_154' title='bbox 627 2072 721 2150; x_wconf 91' lang='lat' dir='ltr'><strong><em>MN,</em></strong></span> <span class='ocrx_word' id='word_1_155' title='bbox 751 2064 807 2131; x_wconf 81' lang='grc' dir='ltr'><strong><em>καί</em></strong></span> <span class='ocrx_word' id='word_1_156' title='bbox 835 2061 1030 2153; x_wconf 73' lang='grc' dir='ltr'><strong><em>ἀφῃρήσθω</em></strong></span> <span class='ocrx_word' id='word_1_157' title='bbox 1054 2063 1114 2134; x_wconf 85' lang='grc' dir='ltr'><strong><em>άπὸ</em></strong></span> 
     </span>
     <span class='ocr_line' id='line_1_20' title="bbox 99 2168 1118 2263; baseline 0.001 -24"><span class='ocrx_word' id='word_1_158' title='bbox 99 2176 161 2239; x_wconf 84' lang='grc' dir='ltr'><strong><em>τού</em></strong></span> <span class='ocrx_word' id='word_1_159' title='bbox 185 2178 267 2239; x_wconf 92' lang='grc' dir='ltr'><strong><em>ΜΝ</em></strong></span> <span class='ocrx_word' id='word_1_160' title='bbox 286 2169 395 2252; x_wconf 90' lang='grc' dir='ltr'><strong><em>ὕψους</em></strong></span> <span class='ocrx_word' id='word_1_161' title='bbox 416 2176 462 2263; x_wconf 79' lang='grc' dir='ltr'><strong><em>τῳ</em></strong></span> <span class='ocrx_word' id='word_1_162' title='bbox 481 2178 546 2239; x_wconf 85' lang='grc' dir='ltr'><strong><em>ΚΛ</em></strong></span> <span class='ocrx_word' id='word_1_163' title='bbox 570 2180 647 2238; x_wconf 84' lang='grc' dir='ltr'><strong><em>ίσον</em></strong></span> <span class='ocrx_word' id='word_1_164' title='bbox 669 2168 707 2237; x_wconf 93' lang='grc' dir='ltr'><strong><em>τὸ</em></strong></span> <span class='ocrx_word' id='word_1_165' title='bbox 726 2177 817 2254; x_wconf 89' lang='grc' dir='ltr'><strong><em>ΠΝ,</em></strong></span> <span class='ocrx_word' id='word_1_166' title='bbox 840 2170 897 2237; x_wconf 81' lang='grc' dir='ltr'><strong><em>καὶ</em></strong></span> <span class='ocrx_word' id='word_1_167' title='bbox 921 2172 979 2238; x_wconf 85' lang='grc' dir='ltr'><strong><em>διά</em></strong></span> <span class='ocrx_word' id='word_1_168' title='bbox 1001 2182 1063 2240; x_wconf 85' lang='grc' dir='ltr'><strong><em>τοῦ</em></strong></span> <span class='ocrx_word' id='word_1_169' title='bbox 1085 2179 1118 2239; x_wconf 88' lang='grc' dir='ltr'><em>Π</em></span> 
     </span>
     <span class='ocr_line' id='line_1_21' title="bbox 101 2276 1118 2369; baseline 0.003 -27"><span class='ocrx_word' id='word_1_170' title='bbox 101 2283 240 2362; x_wconf 85' lang='grc' dir='ltr'><strong><em>σημείου</em></strong></span> <span class='ocrx_word' id='word_1_171' title='bbox 263 2277 439 2364; x_wconf 81' lang='grc' dir='ltr'><strong><em>τετμήσθω</em></strong></span> <span class='ocrx_word' id='word_1_172' title='bbox 463 2276 481 2346; x_wconf 94' lang='lat'><em>6</em></span> <span class='ocrx_word' id='word_1_173' title='bbox 501 2285 566 2345; x_wconf 84' lang='lat' dir='ltr'><strong><em>EO</em></strong></span> <span class='ocrx_word' id='word_1_174' title='bbox 588 2277 768 2365; x_wconf 77' lang='grc' dir='ltr'><strong><em>κύλινδρος</em></strong></span> <span class='ocrx_word' id='word_1_175' title='bbox 791 2277 933 2368; x_wconf 80' lang='grc' dir='ltr'><strong><em>ἐπιπέδῳ</em></strong></span> <span class='ocrx_word' id='word_1_176' title='bbox 958 2282 1005 2369; x_wconf 78' lang='grc' dir='ltr'><strong><em>τῳ</em></strong></span> <span class='ocrx_word' id='word_1_177' title='bbox 1024 2285 1118 2345; x_wconf 69' lang='grc' dir='ltr'><strong><em>ΤΥΣ</em></strong></span> 
     </span>
    </p>
   </div>
   <div class='ocr_carea' id='block_1_4' title="bbox 47 2381 1116 3106">
    <p class='ocr_par' dir='ltr' id='par_1_7' title="bbox 47 2381 1116 2895">
     <span class='ocr_line' id='line_1_22' title="bbox 47 2381 1115 2474; baseline -0.002 -21"><span class='ocrx_word' id='word_1_178' title='bbox 47 2403 81 2453; x_wconf 80' lang='lat'><strong><em>20</em></strong></span> <span class='ocrx_word' id='word_1_179' title='bbox 100 2382 300 2474; x_wconf 78' lang='grc' dir='ltr'><strong><em>παραλλήλῳ</em></strong></span> <span class='ocrx_word' id='word_1_180' title='bbox 324 2396 393 2463; x_wconf 82' lang='grc' dir='ltr'><strong><em>τοῖς</em></strong></span> <span class='ocrx_word' id='word_1_181' title='bbox 419 2394 487 2451; x_wconf 79' lang='grc' dir='ltr'><strong><em>τῶν</em></strong></span> <span class='ocrx_word' id='word_1_182' title='bbox 512 2391 663 2469; x_wconf 83' lang='grc' dir='ltr'>ΕΖΗΘ,</span> <span class='ocrx_word' id='word_1_183' title='bbox 691 2386 750 2450; x_wconf 82' lang='grc' dir='ltr'><strong><em>ΡΟ</em></strong></span> <span class='ocrx_word' id='word_1_184' title='bbox 777 2381 910 2451; x_wconf 91' lang='grc' dir='ltr'><strong><em>κύκλων</em></strong></span> <span class='ocrx_word' id='word_1_185' title='bbox 940 2385 1115 2470; x_wconf 79' lang='grc' dir='ltr'><strong><em>ἐπιπέδοις,</em></strong></span> 
     </span>
     <span class='ocr_line' id='line_1_23' title="bbox 99 2487 1116 2575; baseline 0.002 -19"><span class='ocrx_word' id='word_1_186' title='bbox 99 2489 156 2556; x_wconf 82' lang='grc' dir='ltr'><strong><em>καὶ</em></strong></span> <span class='ocrx_word' id='word_1_187' title='bbox 183 2488 248 2557; x_wconf 85' lang='grc' dir='ltr'><strong><em>ἀπὸ</em></strong></span> <span class='ocrx_word' id='word_1_188' title='bbox 276 2487 405 2572; x_wconf 89' lang='grc' dir='ltr'><strong><em>βάσεως</em></strong></span> <span class='ocrx_word' id='word_1_189' title='bbox 432 2488 494 2575; x_wconf 73' lang='grc' dir='ltr'><strong><em>μὲν</em></strong></span> <span class='ocrx_word' id='word_1_190' title='bbox 520 2493 582 2556; x_wconf 86' lang='grc' dir='ltr'><strong><em>τοῦ</em></strong></span> <span class='ocrx_word' id='word_1_191' title='bbox 610 2496 747 2556; x_wconf 82' lang='grc' dir='ltr'>ΕΖΗΘ</span> <span class='ocrx_word' id='word_1_192' title='bbox 773 2488 915 2573; x_wconf 88' lang='grc' dir='ltr'><strong><em>κύκλου,</em></strong></span> <span class='ocrx_word' id='word_1_193' title='bbox 943 2488 1056 2570; x_wconf 85' lang='grc' dir='ltr'><strong><em>ὕψους</em></strong></span> <span class='ocrx_word' id='word_1_194' title='bbox 1082 2489 1116 2558; x_wconf 66' lang='grc' dir='ltr'><strong><em>δὲ</em></strong></span> 
     </span>
     <span class='ocr_line' id='line_1_24' title="bbox 99 2593 1116 2682; baseline 0.003 -20"><span class='ocrx_word' id='word_1_195' title='bbox 99 2599 160 2662; x_wconf 86' lang='grc' dir='ltr'><strong><em>τοῦ</em></strong></span> <span class='ocrx_word' id='word_1_196' title='bbox 183 2602 261 2661; x_wconf 92' lang='grc' dir='ltr'><strong><em>ΝΠ</em></strong></span> <span class='ocrx_word' id='word_1_197' title='bbox 286 2593 467 2682; x_wconf 83' lang='grc' dir='ltr'><strong><em>κύλινδρος</em></strong></span> <span class='ocrx_word' id='word_1_198' title='bbox 494 2593 674 2679; x_wconf 84' lang='grc' dir='ltr'><strong><em>νενοήσθω</em></strong></span> <span class='ocrx_word' id='word_1_199' title='bbox 704 2593 722 2662; x_wconf 93' lang='lat'><em>6</em></span> <span class='ocrx_word' id='word_1_200' title='bbox 746 2603 822 2662; x_wconf 87' lang='grc' dir='ltr'><strong><em>ΕΣ.</em></strong></span> <span class='ocrx_word' id='word_1_201' title='bbox 870 2594 926 2662; x_wconf 83' lang='grc' dir='ltr'><strong><em>καὶ</em></strong></span> <span class='ocrx_word' id='word_1_202' title='bbox 952 2596 1024 2663; x_wconf 79' lang='grc' dir='ltr'><strong><em>ἐπεὶ</em></strong></span> <span class='ocrx_word' id='word_1_203' title='bbox 1048 2604 1116 2675; x_wconf 83' lang='grc' dir='ltr'><strong><em>ίσος</em></strong></span> 
     </span>
     <span class='ocr_line' id='line_1_25' title="bbox 100 2699 1115 2790; baseline 0 -22"><span class='ocrx_word' id='word_1_204' title='bbox 100 2701 191 2769; x_wconf 83' lang='grc' dir='ltr'><strong><em>ἐστὶν</em></strong></span> <span class='ocrx_word' id='word_1_205' title='bbox 220 2699 237 2768; x_wconf 92' lang='lat'><em>6</em></span> <span class='ocrx_word' id='word_1_206' title='bbox 262 2704 329 2778; x_wconf 76' lang='grc' dir='ltr'><strong><em>ΑΞ</em></strong></span> <span class='ocrx_word' id='word_1_207' title='bbox 353 2700 532 2787; x_wconf 85' lang='grc' dir='ltr'><strong><em>κύλινδρος</em></strong></span> <span class='ocrx_word' id='word_1_208' title='bbox 558 2711 604 2790; x_wconf 82' lang='grc' dir='ltr'><strong><em>τῳ</em></strong></span> <span class='ocrx_word' id='word_1_209' title='bbox 628 2708 694 2768; x_wconf 86' lang='grc' dir='ltr'><strong><em>ΕΟ</em></strong></span> <span class='ocrx_word' id='word_1_210' title='bbox 719 2705 905 2790; x_wconf 88' lang='grc' dir='ltr'><strong><em>κυλίνδρῳ,</em></strong></span> <span class='ocrx_word' id='word_1_211' title='bbox 937 2705 1031 2768; x_wconf 79' lang='grc' dir='ltr'><strong><em>ἔστιν</em></strong></span> <span class='ocrx_word' id='word_1_212' title='bbox 1054 2699 1115 2789; x_wconf 79' lang='grc' dir='ltr'><strong><em>ἄρα</em></strong></span> 
     </span>
     <span class='ocr_line' id='line_1_26' title="bbox 101 2804 1115 2895; baseline 0.002 -21"><span class='ocrx_word' id='word_1_213' title='bbox 101 2807 145 2886; x_wconf 76' lang='grc' dir='ltr'><strong><em>ὡς</em></strong></span> <span class='ocrx_word' id='word_1_214' title='bbox 168 2805 186 2874; x_wconf 93' lang='lat'><em>6</em></span> <span class='ocrx_word' id='word_1_215' title='bbox 210 2811 277 2884; x_wconf 75' lang='grc' dir='ltr'><strong><em>ΑΞ</em></strong></span> <span class='ocrx_word' id='word_1_216' title='bbox 297 2807 477 2895; x_wconf 89' lang='grc' dir='ltr'><strong><em>κύλινδρος</em></strong></span> <span class='ocrx_word' id='word_1_217' title='bbox 504 2805 588 2895; x_wconf 90' lang='grc' dir='ltr'><strong><em>πρὸς</em></strong></span> <span class='ocrx_word' id='word_1_218' title='bbox 610 2804 670 2875; x_wconf 88' lang='grc' dir='ltr'><strong><em>τὸν</em></strong></span> <span class='ocrx_word' id='word_1_219' title='bbox 690 2815 759 2874; x_wconf 85' lang='grc' dir='ltr'><strong><em>ΒΣ</em></strong></span> <span class='ocrx_word' id='word_1_220' title='bbox 779 2807 979 2894; x_wconf 90' lang='grc' dir='ltr'><strong><em>κύλινδρον,</em></strong></span> <span class='ocrx_word' id='word_1_221' title='bbox 1013 2805 1115 2887; x_wconf 83' lang='grc' dir='ltr'><strong><em>οὕτως</em></strong></span> 
     </span>
    </p>

    <p class='ocr_par' dir='ltr' id='par_1_8' title="bbox 47 2909 1115 3106">
     <span class='ocr_line' id='line_1_27' title="bbox 47 2909 1115 3002; baseline 0 -21"><span class='ocrx_word' id='word_1_222' title='bbox 47 2933 80 2983; x_wconf 81' lang='lat'><strong><em>25</em></strong></span> <span class='ocrx_word' id='word_1_223' title='bbox 101 2909 118 2980; x_wconf 91' lang='lat'><em>6</em></span> <span class='ocrx_word' id='word_1_224' title='bbox 142 2919 207 2980; x_wconf 88' lang='lat' dir='ltr'><strong><em>EO</em></strong></span> <span class='ocrx_word' id='word_1_225' title='bbox 233 2912 413 3001; x_wconf 89' lang='grc' dir='ltr'><strong><em>κύλινδρος</em></strong></span> <span class='ocrx_word' id='word_1_226' title='bbox 440 2911 523 3000; x_wconf 91' lang='grc' dir='ltr'><strong><em>πρὸς</em></strong></span> <span class='ocrx_word' id='word_1_227' title='bbox 550 2911 611 2980; x_wconf 85' lang='grc' dir='ltr'><strong><em>τὸν</em></strong></span> <span class='ocrx_word' id='word_1_228' title='bbox 634 2920 708 2979; x_wconf 87' lang='grc' dir='ltr'><strong><em>ΕΣ</em></strong></span> <span class='ocrx_word' id='word_1_229' title='bbox 732 2913 925 3002; x_wconf 91' lang='grc' dir='ltr'><strong><em>κύλινδρον.</em></strong></span> <span class='ocrx_word' id='word_1_230' title='bbox 971 2909 1047 2981; x_wconf 73' lang='grc' dir='ltr'><strong><em>ἀλλ’</em></strong></span> <span class='ocrx_word' id='word_1_231' title='bbox 1075 2910 1115 2993; x_wconf 79' lang='grc' dir='ltr'><strong><em>ὥς</em></strong></span> 
     </span>
     <span class='ocr_line' id='line_1_28' title="bbox 99 3016 1115 3106; baseline 0.002 -20"><span class='ocrx_word' id='word_1_232' title='bbox 99 3019 161 3106; x_wconf 73' lang='grc' dir='ltr'><strong><em>μὲν</em></strong></span> <span class='ocrx_word' id='word_1_233' title='bbox 186 3016 203 3086; x_wconf 94' lang='lat'><em>6</em></span> <span class='ocrx_word' id='word_1_234' title='bbox 228 3027 260 3085; x_wconf 89' lang='lat' dir='ltr'><em>A</em></span> <span class='ocrx_word' id='word_1_235' title='bbox 265 3021 295 3096; x_wconf 71' lang='grc' dir='ltr'><em>Ξ</em></span> <span class='ocrx_word' id='word_1_236' title='bbox 315 3017 495 3104; x_wconf 88' lang='grc' dir='ltr'><strong><em>κύλινδρος</em></strong></span> <span class='ocrx_word' id='word_1_237' title='bbox 516 3016 599 3106; x_wconf 90' lang='grc' dir='ltr'><strong><em>πρὸς</em></strong></span> <span class='ocrx_word' id='word_1_238' title='bbox 620 3016 682 3086; x_wconf 88' lang='grc' dir='ltr'><strong><em>τὸν</em></strong></span> <span class='ocrx_word' id='word_1_239' title='bbox 700 3024 770 3085; x_wconf 84' lang='grc' dir='ltr'><strong><em>ΒΣ</em></strong></span> <span class='ocrx_word' id='word_1_240' title='bbox 790 3016 986 3105; x_wconf 91' lang='grc' dir='ltr'><strong><em>κύλινδρον,</em></strong></span> <span class='ocrx_word' id='word_1_241' title='bbox 1012 3017 1115 3101; x_wconf 82' lang='grc' dir='ltr'><strong><em>οὕτως</em></strong></span> 
     </span>
    </p>
   </div>
   <div class='ocr_carea' id='block_1_5' title="bbox 85 3206 1115 3643">
    <p class='ocr_par' dir='ltr' id='par_1_9' title="bbox 171 3206 1114 3284">
     <span class='ocr_line' id='line_1_29' title="bbox 171 3206 1114 3284; baseline 0.003 -18"><span class='ocrx_word' id='word_1_242' title='bbox 171 3220 195 3267; x_wconf 94' lang='lat'><strong><em>1.</em></strong></span> <span class='ocrx_word' id='word_1_243' title='bbox 216 3212 296 3282; x_wconf 81' lang='grc' dir='ltr'><strong><em>βάσις</em></strong></span> <span class='ocrx_word' id='word_1_244' title='bbox 314 3229 340 3280; x_wconf 91' lang='lat' dir='ltr'><strong><em>q.</em></strong></span> <span class='ocrx_word' id='word_1_245' title='bbox 440 3219 465 3270; x_wconf 85' lang='lat'><strong><em>3.</em></strong></span> <span class='ocrx_word' id='word_1_246' title='bbox 486 3211 517 3266; x_wconf 84' lang='grc' dir='ltr'><strong><em>δέ</em></strong></span> <span class='ocrx_word' id='word_1_247' title='bbox 552 3229 606 3269; x_wconf 91' lang='lat' dir='ltr'><strong><em>om.</em></strong></span> <span class='ocrx_word' id='word_1_248' title='bbox 626 3231 653 3282; x_wconf 87' lang='lat' dir='ltr'><strong><em>q.</em></strong></span> <span class='ocrx_word' id='word_1_249' title='bbox 755 3206 828 3281; x_wconf 89' lang='grc' dir='ltr'><strong><em>ὕψη]</em></strong></span> <span class='ocrx_word' id='word_1_250' title='bbox 848 3229 917 3266; x_wconf 82' lang='lat' dir='ltr'><strong>corr.</strong></span> <span class='ocrx_word' id='word_1_251' title='bbox 939 3228 973 3266; x_wconf 86' lang='lat' dir='ltr'><strong><em>ex</em></strong></span> <span class='ocrx_word' id='word_1_252' title='bbox 992 3207 1066 3284; x_wconf 84' lang='grc' dir='ltr'><strong><em>ὕψει</em></strong></span> <span class='ocrx_word' id='word_1_253' title='bbox 1084 3213 1114 3269; x_wconf 98' lang='lat' dir='ltr'><strong><em>V.</em></strong></span> 
     </span>
    </p>

    <p class='ocr_par' dir='ltr' id='par_1_10' title="bbox 170 3274 1114 3354">
     <span class='ocr_line' id='line_1_30' title="bbox 170 3274 1114 3354; baseline -0.001 -17"><span class='ocrx_word' id='word_1_254' title='bbox 170 3291 195 3338; x_wconf 84' lang='lat'><strong><em>4.</em></strong></span> <span class='ocrx_word' id='word_1_255' title='bbox 215 3286 316 3337; x_wconf 85' lang='grc' dir='ltr'><strong><em>καί-</em></strong></span> <span class='ocrx_word' id='word_1_256' title='bbox 336 3289 360 3337; x_wconf 81' lang='grc'><strong><em>5.</em></strong></span> <span class='ocrx_word' id='word_1_257' title='bbox 379 3274 523 3352; x_wconf 87' lang='grc' dir='ltr'><strong><em>κύλινδροι</em></strong></span> <span class='ocrx_word' id='word_1_258' title='bbox 556 3284 669 3354; x_wconf 81' lang='lat' dir='ltr'><strong>punctis</strong></span> <span class='ocrx_word' id='word_1_259' title='bbox 688 3284 741 3338; x_wconf 85' lang='lat' dir='ltr'><strong>del.</strong></span> <span class='ocrx_word' id='word_1_260' title='bbox 763 3283 795 3339; x_wconf 91' lang='lat' dir='ltr'><strong><em>V.</em></strong></span> <span class='ocrx_word' id='word_1_261' title='bbox 904 3289 928 3340; x_wconf 83' lang='lat'><strong><em>6.</em></strong></span> <span class='ocrx_word' id='word_1_262' title='bbox 949 3278 1041 3353; x_wconf 85' lang='grc' dir='ltr'><strong><em>ὕψεσι</em></strong></span> <span class='ocrx_word' id='word_1_263' title='bbox 1060 3286 1114 3354; x_wconf 89' lang='lat' dir='ltr'><strong><em>Vq.</em></strong></span> 
     </span>
    </p>

    <p class='ocr_par' dir='ltr' id='par_1_11' title="bbox 85 3349 1115 3643">
     <span class='ocr_line' id='line_1_31' title="bbox 170 3349 1115 3426; baseline 0.001 -18"><span class='ocrx_word' id='word_1_264' title='bbox 170 3355 235 3426; x_wconf 85' lang='grc' dir='ltr'><strong><em>καί]</em></strong></span> <span class='ocrx_word' id='word_1_265' title='bbox 261 3352 405 3409; x_wconf 83' lang='grc' dir='ltr'><strong><em>τουτέστιν</em></strong></span> <span class='ocrx_word' id='word_1_266' title='bbox 424 3349 466 3409; x_wconf 83' lang='grc' dir='ltr'><strong><em>ὅτι</em></strong></span> <span class='ocrx_word' id='word_1_267' title='bbox 489 3355 589 3409; x_wconf 84' lang='lat' dir='ltr'>Theon</span> <span class='ocrx_word' id='word_1_268' title='bbox 607 3354 712 3424; x_wconf 83' lang='lat' dir='ltr'><strong>(BVq).</strong></span> <span class='ocrx_word' id='word_1_269' title='bbox 822 3360 846 3409; x_wconf 78' lang='grc' dir='ltr'><strong><em>λ.</em></strong></span> <span class='ocrx_word' id='word_1_270' title='bbox 867 3351 965 3424; x_wconf 88' lang='grc' dir='ltr'><strong><em>βάσις]</em></strong></span> <span class='ocrx_word' id='word_1_271' title='bbox 994 3372 1066 3411; x_wconf 81' lang='lat' dir='ltr'><strong>corr.</strong></span> <span class='ocrx_word' id='word_1_272' title='bbox 1084 3371 1115 3411; x_wconf 76' lang='grc' dir='ltr'><strong><em>οι</em></strong></span> 
     </span>
     <span class='ocr_line' id='line_1_32' title="bbox 100 3422 1063 3496; baseline 0.003 -17"><span class='ocrx_word' id='word_1_273' title='bbox 100 3422 195 3496; x_wconf 87' lang='grc' dir='ltr'><strong><em>βάσεις</em></strong></span> <span class='ocrx_word' id='word_1_274' title='bbox 213 3445 250 3479; x_wconf 87' lang='lat' dir='ltr'><strong><em>m.</em></strong></span> <span class='ocrx_word' id='word_1_275' title='bbox 272 3431 285 3478; x_wconf 94' lang='grc'>1</span> <span class='ocrx_word' id='word_1_276' title='bbox 306 3426 335 3479; x_wconf 93' lang='grc' dir='ltr'><strong><em>Ρ.</em></strong></span> <span class='ocrx_word' id='word_1_277' title='bbox 408 3432 432 3481; x_wconf 84' lang='lat'><strong><em>8.</em></strong></span> <span class='ocrx_word' id='word_1_278' title='bbox 451 3431 508 3481; x_wconf 87' lang='grc' dir='ltr'><strong><em>ΑΚ</em></strong></span> <span class='ocrx_word' id='word_1_279' title='bbox 525 3426 580 3495; x_wconf 90' lang='lat' dir='ltr'><strong><em>Bq.</em></strong></span> <span class='ocrx_word' id='word_1_280' title='bbox 653 3430 748 3480; x_wconf 81' lang='grc' dir='ltr'><em>9.ΚΑ</em></span> <span class='ocrx_word' id='word_1_281' title='bbox 766 3425 796 3479; x_wconf 91' lang='grc' dir='ltr'><strong><em>Ρ.</em></strong></span> <span class='ocrx_word' id='word_1_282' title='bbox 871 3430 913 3479; x_wconf 89' lang='lat'><strong><em>10.</em></strong></span> <span class='ocrx_word' id='word_1_283' title='bbox 934 3422 1012 3481; x_wconf 80' lang='grc' dir='ltr'><strong><em>ἔστιν</em></strong></span> <span class='ocrx_word' id='word_1_284' title='bbox 1030 3428 1063 3482; x_wconf 87' lang='grc' dir='ltr'><strong><em>Ρ.</em></strong></span> 
     </span>
     <span class='ocr_line' id='line_1_33' title="bbox 96 3491 1114 3586; baseline 0.003 -35"><span class='ocrx_word' id='word_1_285' title='bbox 96 3503 139 3553; x_wconf 82' lang='grc'><strong><em>11,</em></strong></span> <span class='ocrx_word' id='word_1_286' title='bbox 162 3494 230 3586; x_wconf 68' lang='grc' dir='ltr'><strong><em>ὑπό]</em></strong></span> <span class='ocrx_word' id='word_1_287' title='bbox 252 3512 320 3554; x_wconf 81' lang='lat' dir='ltr'><strong>corr.</strong></span> <span class='ocrx_word' id='word_1_288' title='bbox 340 3513 374 3550; x_wconf 86' lang='lat' dir='ltr'><strong><em>ex</em></strong></span> <span class='ocrx_word' id='word_1_289' title='bbox 393 3491 450 3552; x_wconf 77' lang='grc' dir='ltr'><strong><em>άπό</em></strong></span> <span class='ocrx_word' id='word_1_290' title='bbox 470 3515 506 3551; x_wconf 90' lang='lat' dir='ltr'><strong><em>m.</em></strong></span> <span class='ocrx_word' id='word_1_291' title='bbox 525 3512 580 3551; x_wconf 81' lang='lat' dir='ltr'><strong>rec.</strong></span> <span class='ocrx_word' id='word_1_292' title='bbox 599 3495 629 3550; x_wconf 92' lang='lat' dir='ltr'><strong><em>P.</em></strong></span> <span class='ocrx_word' id='word_1_293' title='bbox 739 3503 781 3551; x_wconf 85' lang='lat'><strong><em>16.</em></strong></span> <span class='ocrx_word' id='word_1_294' title='bbox 800 3497 866 3566; x_wconf 88' lang='grc' dir='ltr'><strong><em>ΚΑ]</em></strong></span> <span class='ocrx_word' id='word_1_295' title='bbox 891 3500 949 3550; x_wconf 88' lang='grc' dir='ltr'><strong><em>ΑΚ</em></strong></span> <span class='ocrx_word' id='word_1_296' title='bbox 968 3497 1003 3564; x_wconf 73' lang='grc' dir='ltr'><strong><em>Βς</em></strong></span> <span class='ocrx_word' id='word_1_297' title='bbox 1034 3514 1114 3569; x_wconf 71' lang='lat' dir='ltr'>supra</span> 
     </span>
     <span class='ocr_line' id='line_1_34' title="bbox 85 3565 1026 3643; baseline 0 -21"><span class='ocrx_word' id='word_1_298' title='bbox 85 3585 157 3625; x_wconf 74' lang='lat' dir='ltr'><strong>eras.</strong></span> <span class='ocrx_word' id='word_1_299' title='bbox 182 3567 200 3586; x_wconf 85' lang='lat'><strong><em>&#39;&#39;</em></strong></span> <span class='ocrx_word' id='word_1_300' title='bbox 247 3568 278 3628; x_wconf 84' lang='lat' dir='ltr'><strong><em>V.</em></strong></span> <span class='ocrx_word' id='word_1_301' title='bbox 372 3565 426 3643; x_wconf 88' lang='grc' dir='ltr'><strong><em>μή]</em></strong></span> <span class='ocrx_word' id='word_1_302' title='bbox 450 3585 537 3641; x_wconf 68' lang='lat' dir='ltr'>supra</span> <span class='ocrx_word' id='word_1_303' title='bbox 554 3566 753 3624; x_wconf 53' lang='lat' dir='ltr'><strong>sende.</strong></span> <span class='ocrx_word' id='word_1_304' title='bbox 831 3567 977 3636; x_wconf 65' lang='grc' dir='ltr'><strong><em>ΛΚλΚΑ</em></strong></span> <span class='ocrx_word' id='word_1_305' title='bbox 995 3567 1026 3622; x_wconf 93' lang='grc' dir='ltr'><strong><em>Ρ.</em></strong></span> 
     </span>
    </p>
   </div>
   <div class='ocr_carea' id='block_1_6' title="bbox 0 0 1174 3818">
    <p class='ocr_par' dir='ltr' id='par_1_12' title="bbox 0 0 1174 3818">
     <span class='ocr_line' id='line_1_35' title="bbox 0 0 1174 3818; baseline 0 1"><span class='ocrx_word' id='word_1_306' title='bbox 0 0 1174 3818; x_wconf 95' lang='lat' dir='ltr'><strong><em> </em></strong></span> 
     </span>
    </p>
   </div>
  </div>
 </body>
</html>
