2340 3818
348 129 624 181 auuuuuuouuu
641 134 751 184 amau
767 135 815 185 x1.
1044 132 1088 198 59

142 268 234 353 Ergo
263 268 400 357 omnisl)
429 273 568 357 angulus
597 274 717 339 solidus
745 245 852 358 planis
878 278 1005 360 angulis
1028 278 1089 342 mi·

73 376 222 460 noribus,
252 397 349 460 quam
377 383 454 442 sunl
482 382 636 462 quattuor
658 381 752 465 recti,
779 381 975 467 continetur3
1003 384 1087 468 quod

71 486 144 549 eral
167 482 461 550 demonstrandum.

528 679 631 746 XXII.
670 710 677 722 ·

142 799 176 866 si
207 804 275 866 lres
307 802 419 886 anguli
451 803 549 886 plani
575 810 664 887 sunl,
696 826 832 888 quorum
866 805 928 871 duo
961 806 1087 890 reliquo

74 909 215 974 maiores
238 911 315 973 sunl
338 929 467 993 quoquo
491 909 586 974 modo
610 910 787 994 coniuncti,
810 917 843 976 el
862 932 917 978 eos
936 913 1088 997 aequales

73 1699 245 1766 continens
272 1703 394 1783 rectae,
419 1699 491 1764 fieri
520 1701 642 1782 potest,
673 1701 710 1763 ul
742 1721 780 1764 ex
812 1698 910 1780 realis
938 1697 1088 1782 aequales

73 1809 182 1871 rectas
205 1805 472 1890 coniungentibus
496 1804 678 1890 triangulus
702 1807 916 1870 construatur.

143 1910 215 1976 Sint
241 1915 309 1975 tres
338 1912 452 1996 anguli
474 1911 563 1996 plani
586 1913 699 1990 ΑΒΓ,
722 1914 839 1994 ΔΕΖ,
865 1911 986 1992 ΗΘΚ,
1013 1928 1090 1991 quo·

78 2040 154 2082 rum
177 2017 239 2081 duo
262 2017 385 2101 reliquo
403 2018 542 2082 maiores
562 2022 638 2082 sunt
658 2038 784 2101 quoquo
804 2016 899 2081 modo
918 2013 1091 2099 coniuncti,

120 2126 223 2188 ΑΒΓ
234 2125 275 2205 -Ι-
292 2127 392 2186 ΔΕΖ
405 2133 440 2197 >
455 2127 573 2206 ΗΘΚ,
597 2127 699 2187 ΔΕΖ
714 2124 754 2204 -Ι-
769 2125 876 2187 ΗΘΚ
888 2131 923 2195 >
938 2123 1045 2203 ΑΒΓ,

354 2233 465 2294 ΗΘΚ
478 2231 519 2311 -Ι-
534 2232 681 2304 ΑΒΓ>
696 2233 810 2310 ΔΕΖ,

75 2341 112 2402 el
134 2337 177 2402 sil
199 2336 964 2417 AB=BP=AE=EZ=He=eK,
983 2336 1015 2398 et
1033 2331 1089 2396 du·

77 2447 195 2511 eantur
216 2446 290 2526 ΑΓ,
313 2447 394 2527 ΛΖ,
416 2446 497 2507 ΗΚ.
539 2442 624 2525 dieo,
646 2442 717 2507 fieri
739 2462 848 2525 posse,
870 2444 908 2506 ul
930 2461 969 2504 ex
991 2439 1089 2505 realis

75 2549 267 2634 aequalibus
285 2547 385 2613 rectis
403 2550 477 2631 ΑΓ,
491 2550 571 2628 ΔΖ,
584 2550 659 2611 HK
675 2545 858 2629 triangulus
877 2547 1091 2626 construatur,

75 2656 141 2720 hoc
168 2658 230 2738 est,
257 2659 420 2719 rectarum
441 2656 519 2737 ΑΓ,
547 2655 626 2730 ΛΖ,
653 2655 727 2716 ΗΚ
748 2651 828 2716 duas
856 2649 1019 2734 quaslibet
1041 2671 1091 2714 re·

77 2762 170 2845 liqua
191 2761 332 2826 maiores
356 2780 435 2824 esse.

144 2867 210 2931 iam
230 2867 257 2931 si
276 2865 387 2950 anguli
405 2867 644 2948 ΑΒΓ,’ΔΕΖ,
657 2868 767 2929 ΗΘΚ
783 2864 869 2928 inler
888 2883 922 2926 se
941 2862 1091 2945 aequales

74 2976 165 3055 sunl,
178 2970 385 3036 manifestum
400 2974 459 3049 est,
473 2991 546 3036 eum
560 2970 658 3034 eliam
673 2973 746 3048 ΑΓ,
760 2973 840 3053 ΔΖ,
853 2971 928 3032 ΗΚ
940 2967 1091 3051 aequales

78 3079 149 3166 sint
172 3076 216 3160 [l‚
238 3077 284 3159 4]‚
305 3077 376 3141 fieri
397 3097 507 3161 posse,
533 3078 571 3140 ul
599 3097 638 3140 ex
661 3076 759 3140 rectis
783 3073 972 3158 aequalibus
995 3073 1091 3139 realis

74 3190 110 3250 A
118 3186 154 3265 Γ,
178 3186 257 3265 ΔΖ,
276 3185 353 3247 ΗΚ
373 3181 555 3267 lriangulus
578 3182 794 3246 construalur.
832 3179 883 3243 sin
905 3179 1021 3261 minus,
1043 3179 1092 3243 in-

153 3377 179 3440 1)
202 3374 277 3429 Nam
300 3376 330 3428 in
352 3373 464 3445 angulis
487 3371 597 3440 solidis,
621 3370 670 3442 qui
695 3369 759 3442 plus
782 3387 872 3441 quam
889 3367 1109 3435 ausaausa

75 3445 191 3518 augulis
210 3444 393 3513 eontinentur,
413 3445 546 3502 similiter
563 3443 800 3503 ratiocinauuum
817 3445 872 3500 esu
