2340 3818
101 57 168 183 216
472 119 674 173 2601116166
692 115 741 192 ιε’.

100 259 200 352 αὐτῷ.
240 259 296 327 καί
320 257 338 329 6
357 260 538 348 κύλινδρος
561 258 628 349 ἄρα
650 258 735 344 πρὸς
756 259 817 329 τὸν
839 259 1026 346 κύλινδρον
1048 285 1109 349 τρν

99 372 265 434 πλασίονα
288 365 400 469 λόγον.
415 371 482 453 ἔχει
504 364 588 454 ήπερ
611 363 632 452 ή
657 373 719 433 ΒΔ
741 365 827 454 πρὸς
847 364 912 453 τήν
936 373 1009 435 ΖΘ.

168 476 212 540 Οί
232 472 300 562 ἄρα
323 471 435 560 ὅμοιοι
457 477 563 541 κάνοι
581 473 637 540 καί
655 474 833 561 κύλινδροι
849 472 935 562 πρὸς
953 471 1114 561 ἀλλήλους

100 581 137 648 ἐν
163 585 374 668 τριπλασίονι
401 579 491 671 λόγῳ
519 580 585 647 είσὶ
611 584 680 648 τῶν
708 582 746 648 ἐν
767 593 839 660 ταῖς
862 579 979 666 βάσεσι
1005 581 1112 666 διαμέ-

64 707 203 776 στρων·
226 685 308 774 ὅπερ
331 691 400 754 ἔδει
423 687 537 767 δεῖξαι.

579 909 635 967 ιγ.

162 1004 251 1073 Ἐάν
277 1004 496 1092 κύλινδρος
523 1005 692 1096 ἐπιπέδῳ
719 1009 849 1094 τμηθῇ
878 1006 1116 1098 παραλλήλῳ

99 1110 186 1179 ἄντι
217 1117 302 1190 τοίς
333 1106 577 1177 ἀπεναντίον
610 1112 826 1198 ἐπιπέδοις,
863 1116 976 1179 ἔσται
1011 1139 1062 1192 ως
1098 1140 1116 1180 ο

99 1217 315 1305 κύλινδρος
336 1215 439 1304 πρὸς
461 1214 532 1284 τὸν
556 1216 790 1305 κύλινδρον,
821 1215 946 1298 οὕτως
969 1216 988 1286 6
1014 1217 1118 1301 ἄξων

48 1344 81 1393 10
99 1322 197 1411 πρὸς
219 1322 287 1391 τὸν
311 1322 442 1404 ἄξονα.

166 1429 360 1517 Κύλινδρος
382 1429 447 1517 γάρ
469 1426 488 1498 6
512 1436 580 1495 ΑΔ
602 1431 746 1521 ἐπιπέδῳ
774 1433 819 1521 αρ’
844 1437 912 1499 ΗΘ
939 1431 1118 1518 τετμήσθω

97 1535 299 1626 παραλλήλῳ
328 1534 401 1604 ἄντι
427 1548 497 1615 τοῖς
524 1532 727 1604 ἀπεναντίον
750 1537 917 1616 ἐπιπέδοις
939 1551 1012 1618 τοῖς
1035 1545 1101 1606 ΑΒ
1108 1589 1117 1622 ,

99 1649 176 1727 ΓΔ,
198 1642 255 1710 καλ
278 1645 492 1729 συμβαλλέτω
516 1646 562 1731 τῷ
586 1639 683 1723 ἄξονι
706 1641 744 1710 τὸ
763 1651 834 1711 ΗΘ
855 1645 1016 1712 ἐπίπεδον
1033 1643 1117 1712 κατά

98 1748 136 1817 τὸ
161 1756 196 1817 Κ
217 1761 370 1836 σημεῖον·
400 1750 500 1834 λέγω,
528 1745 579 1815 ὅτι
606 1747 707 1816 ἐστὶν4
725 1747 770 1829 οὓς
798 1747 816 1816 6
840 1756 914 1817 ΒΗ
935 1749 1119 1839 κύλινδρος

47 1874 80 1924 16
99 1855 183 1944 πρὸς
204 1855 266 1924 τὸν
284 1863 354 1922 HA
375 1854 569 1942 κύλινδρον,
594 1853 701 1934 οὕτως
720 1854 738 1922 6
758 1861 829 1922 ΕΚ
845 1854 936 1936 ἄξων
954 1856 1039 1940 πρὸς
1058 1856 1118 1926 τὸν

98 1969 165 2029 KZ
187 1961 300 2043 ἄξονα.

162 2065 397 2153 Ἐκβεβλήσθω
421 2069 485 2156 γάρ
509 2068 528 2136 6
549 2075 612 2134 ΕΖ
631 2065 721 2148 ἄξων
740 2065 793 2154 ἐφ’
816 2067 1008 2152 ἑκάτερα
972 2093 1014 2137 τα
1033 2072 1117 2158 μέρη

100 2174 139 2239 ἐπ
116 2171 215 2239 πτδιὶ
241 2180 287 2258 Λ,
311 2180 382 2240 Μ
374 2188 507 2260 σημεῖα,
531 2173 587 2241 καί
612 2176 839 2242 ἐκκείσθωσαν
862 2199 909 2265 τῳ
929 2181 1000 2242 ΕΚ
1019 2173 1115 2257 ἄξονι

99 2287 167 2346 ίσοι
191 2225 499 2364 δσοιδηποτοῦνοί
516 2287 600 2364 ΕΝ,
623 2286 709 2365 ΝΛ,
733 2305 779 2371 τῳ
764 2280 837 2348 66
856 2286 924 2347 ΖΚ
939 2289 1009 2349 ίσοι
1029 2281 1116 2351 ὁσοι-

46 2405 80 2454 20
99 2388 271 2472 δήποτοῦν
300 2387 335 2450 οί
356 2387 430 2466 ΖΞ,
458 2388 545 2470 ΞΜ,
573 2385 629 2452 καί
642 2383 843 2454 ,νοείσθω
827 2414 846 2455 ο
875 2386 928 2454 ἐπὶ
955 2391 1017 2456 τοῦ
1042 2395 1121 2458 ΛΜ

99 2489 221 2572 ἄξονος
242 2489 421 2577 κύλινδρος
445 2487 463 2558 6
488 2497 566 2574 OX,
594 2483 637 2559 06
664 2480 780 2576 βάσεις
799 2495 835 2559 οί
857 2499 939 2578 ΟΠ,
971 2501 1042 2562 ΦΧ
1059 2495 1115 2563 κύ-

97 2604 181 2664 κλοι.
230 2597 285 2663 καί
315 2596 528 2682 ἐκβεβλήσθω
557 2596 613 2665 διά
641 2600 710 2666 των
738 2606 785 2683 Ν,
817 2601 848 2675 Ξ
873 2605 1021 2685 σημείων
1049 2604 1114 2669 ἐπί

97 2707 182 2771 πεδα
209 2703 404 2789 παράλληλα
434 2717 503 2783 τοῖς
526 2711 607 2789 ΑΒ,
638 2710 700 2771 ΓΔ
726 2703 783 2772 καὶ
810 2718 882 2784 ταῖς
908 2705 1029 2792 βάσεσι
1055 2711 1115 2776 τού

100 2816 167 2876 OX
186 2813 370 2896 κυλίνδρου
391 2811 448 2877 καί
471 2815 671 2878 ποιείτωσαν
689 2809 769 2890 τοὺς
787 2818 866 2897 ΡΣ,
894 2818 958 2879 ΤΥ
972 2814 1114 2894 κύκλους

45 2934 79 2985 τε
98 2916 173 3004 περὶ
200 2914 241 2982 τε
268 2923 318 3003 Ν,
351 2918 533 3005 νιειιρα.
579 2917 635 2983 ιιι
663 2917 733 2986 εει
761 2920 796 2985 οι
822 2904 908 3004 ΛΝ,
935 2926 1022 3006 ΝΕ,
1049 2926 1115 2990 ιιι(

172 3171 195 3219 1.
215 3165 285 3220 Post
303 3159 380 3237 αύτῳ
368 3164 460 3218 add.
474 3164 583 3220 Theon.
603 3160 722 3234 ἐδείχθη
736 3162 791 3235 γὰρ
805 3168 900 3236 (supra
913 3165 951 3236 V)
964 3168 1022 3230 πᾶς
1036 3169 1115 3238 (haee

97 3235 154 3290 tria
171 3235 271 3290 uooab
291 3235 346 3290 66
337 3253 367 3289 1n
363 3219 465 3290 textu
484 3240 558 3290 etm
607 3255 643 3290 m.
659 3235 724 3324 213)
743 3238 833 3299 κῶνος
845 3238 1003 3325 κυλίνδρου
1022 3243 1115 3306 τρίτον

98 3303 181 3394 μέρος
200 3307 250 3361 τοῦ
269 3303 321 3374 τήν
339 3301 467 3380 αὕτήνβ
450 3303 532 3380 βάσιν
531 3239 760 3396 11ἄξοντοςᾶαντῳ
748 3303 859 3361 ”“καλ
841 3320 915 3395 νψος
928 3311 990 3364 ἴσον
1004 3310 1072 3379 (ΒΚ
1077 3315 1113 3380 q)

152 3373 180 3448 6]
196 3395 249 3432 om
265 3378 295 3434 P.
351 3384 375 3431 4.
391 3377 463 3433 είσίν
477 3379 534 3434 PB.
596 3364 752 3452 βάσεσινΡ
807 3373 865 3434 5.”
848 3398 919 3450 οπερ
934 3377 996 3436 ἔδει
1009 3382 1115 3453 δεῖξαι]

97 3463 152 3502 om
172 3449 204 3504 V.
283 3455 307 3504 6
327 3446 381 3520 ιγ]
402 3465 455 3504 om.
476 3467 502 3518 q
583 3455 625 3504 13.
645 3446 858 3523 συμβαλέτωΡ.
934 3452 986 3524 τῳ]
1005 3472 1045 3528 τῳ
1064 3455 1116 3508 ΕΖ
