2272 3796
74 138 117 203 98
448 138 650 191 ΣΤΟΙΧΕΙΩΝ
668 135 719 192 ια’.

74 287 135 350 ΓΖ
162 283 293 372 στερεῷ.
342 278 504 366 ἤχθωσαν
531 277 595 367 γάρ
622 275 689 347 άπὸ
717 281 786 346 τῷν
809 284 857 364 Κ,
886 284 929 363 Ε,
958 284 1022 367 Η,
1041 285 1102 363 Μ,

75 394 126 471 Π,
155 394 198 473 Ζ,
225 394 275 474 Ν,
303 395 338 454 Σ
363 391 509 473 σημείων
540 386 593 453 ἐπὶ
620 383 658 453 τὸ
685 381 907 471 ὑποκείμενον
931 385 1100 453 ἐπίπεδον

74 496 217 562 κάθετοι
240 496 278 562 αἱ
305 496 383 579 ΚΞ,
410 500 489 579 ΕΤ,
516 498 601 578 ΗΥ,
629 498 721 577 ΜΦ,
776 497 860 576 ΠΧ,
892 497 979 575 ΖΨ,
1004 497 1096 576 ΝΩ,

75 607 147 686 ΣΙ,
174 579 237 668 καλ
258 600 538 686 συμβαλλέτωσαν
565 607 611 690 τῷ
640 598 784 688 ἐπιπέδῳ
812 594 959 664 κατὰτὰ
983 598 1028 683 Ξ,
1057 603 1100 682 Τ,

40 714 119 793 ὅῬ,
151 713 196 793 Φ,
256 713 301 791 Χ,
338 714 387 791 Ψ,
415 711 463 791 Ω,
491 711 515 772 I
540 717 673 791 σημεῖα,
701 703 757 771 καὶ
780 702 1035 790 ἐπεζεύχθωσαν
1060 705 1103 771 αλ

74 816 151 898 ων,
174 818 251 897 ετ,
277 818 355 896 σω,
383 816 462 897 ΤΦ,
513 814 903 896 Χω,1ω,ωε,εω.
949 816 1027 876 ενοι
1053 807 1097 895 ελ

76 922 144 989 ἐστι
166 919 204 987 τὸ
224 924 297 985 ΚΦ
319 914 455 1003 στερεὸν
477 920 523 1008 τῷ
543 922 606 983 ΠΙ
625 919 762 1007 στερεῷ·
786 917 842 983 έπί
860 941 895 982 τε
918 913 983 1003 γὰρ
1008 922 1098 983 ἴσων

75 1024 207 1111 βάσεών
236 1028 301 1091 εἰσι
331 1026 400 1091 των
428 1030 520 1108 ΚΜ,
549 1030 623 1089 ΠΣ
647 1023 703 1089 καὶ
732 1018 796 1090 ὑπὸ
825 1021 863 1090 τὸ
888 1017 970 1089 αὐτὸ
995 1019 1095 1107 ὕψος,

76 1123 125 1199 ὦν
149 1133 186 1197 αέ
207 1132 393 1215 ἐφεστῶσαι
411 1126 497 1217 πρὸς
516 1126 624 1216 ὀρθάς
642 1133 707 1196 εἰσι
725 1142 798 1208 ταῖς
816 1127 964 1214 βάσεσιν.
1007 1124 1095 1197 άλλά

24 1255 56 1304 1ο
74 1233 112 1304 τὸ
136 1220 197 1322 βὲν
221 1242 294 1303 ΚΦ
316 1233 452 1324 στερεὸν
474 1239 520 1326 τῷ
541 1242 609 1302 ΑΕ
629 1238 750 1326 στερεῷ
775 1235 865 1302 ἐστιν
886 1242 972 1319 ἴσον,
996 1235 1035 1302 τὸ
1058 1234 1096 1302 δέ

75 1347 137 1409 ΠΙ
161 1345 206 1433 τῷ
237 1347 309 1409 ΓΖ·
337 1344 394 1410 έπί
418 1367 453 1409 τε
479 1338 545 1429 γάρ
572 1344 631 1427 τῆς
659 1337 762 1426 αὐτῆς
789 1339 917 1426 βάσεώς
944 1344 1010 1408 εἰσι
1039 1341 1096 1408 καὶ

74 1444 141 1515 ὑπὸ
169 1446 208 1515 τὸ
235 1445 316 1515 αὐτὸ
344 1448 445 1533 ὕψος,
480 1438 530 1516 ὧν
560 1449 597 1513 αέ
622 1448 806 1534 ἐφεστῶσαι
835 1444 897 1513 οὖν
924 1450 1011 1514 εἰσιν
1042 1447 1096 1515 ἐπὶ

74 1556 142 1622 τῷν
166 1552 279 1622 αὐτῶν
302 1551 456 1622 εὐθειῶν.
493 1553 548 1620 καὶ
570 1552 609 1620 τὸ
629 1560 701 1620 ΑΕ
721 1551 787 1640 άρα
810 1550 946 1639 στερεὸν
969 1556 1016 1644 τῷ
1032 1559 1096 1621 ΓΖ

76 1662 197 1751 στερεῷ
221 1662 311 1728 ἐστιν
335 1666 420 1727 ἴσον.

24 1783 57 1834 15
147 1764 195 1832 Τά
222 1764 288 1855 άρα
316 1766 369 1833 ἐπὶ
397 1773 481 1832 ἴσων
504 1765 637 1850 βάσεων
661 1761 742 1831 ὄντα
766 1760 882 1850 στερεά
905 1771 1096 1851 παραλληλ-

76 1875 215 1939 επίπεδα
244 1871 300 1940 παὶ
326 1868 393 1939 ὑπὸ
419 1869 457 1938 τὸ
492 1867 574 1938 αὐτὸ
602 1867 689 1950 ὕψος
718 1877 774 1936 ἴσα
802 1867 960 1955 ἀλλήλοις
988 1872 1095 1938 ἐστίν·

77 1977 159 2063 ὅπερ
184 1982 252 2046 ἔδει
275 1979 389 2058 δεῖξαι.

551 2144 570 2202 λ
597 2135 615 2203 '.

147 2239 199 2308 Τά
227 2241 302 2309 ὑπὸ
332 2241 374 2309 τὸ
399 2240 494 2308 αὐτὸ
523 2141 623 2320 ῧψβος
650 2238 746 2308 ὅντα
775 2239 914 2327 στερεά
944 2249 1095 2327 παραλ-

23 2366 57 2415 20
76 2351 319 2434 ληλεπίπεδα
342 2345 439 2433 πρὸς
463 2345 616 2432 άλληλά
640 2347 747 2414 ἐστιν
768 2343 816 2426 ὡς
840 2348 882 2412 αἱ
903 2346 1049 2431 βάσεις.

134 2451 242 2521 Ἔστω
265 2450 330 2520 ὑπὸ
354 2451 392 2519 τὸ
422 2450 504 2518 αὐτὸ
527 2449 615 2532 ὕψος
638 2454 753 2538 στερεά
781 2457 1096 2539 παραλληλεπίπεδα

75 2584 115 2625 τα
136 2567 217 2644 ΑΒ,
236 2565 315 2625 ΓΔ·
339 2558 434 2642 λέγω,
460 2556 512 2625 ὅτι
530 2559 571 2623 τὰ
584 2563 667 2642 ΑΒ,
687 2563 753 2624 ΓΛ
772 2579 887 2647 στερεα
906 2565 1096 2645 παραλληλ-

75 2669 214 2732 επίπεδα
241 2665 325 2749 πρὸς
352 2660 480 2748 άλληλά
511 2663 600 2730 ἐστιν
630 2660 675 2742 ὡς
702 2666 740 2729 αλ
761 2665 892 2749 βάσεις,
920 2665 1095 2732 τουτέστιν

76 2769 127 2837 ὅτι
152 2770 241 2838 ἐστὶν
265 2765 311 2847 ὡς
332 2765 353 2852 ἡ
373 2775 442 2834 ΑΕ
461 2766 559 2851 βάσις
581 2772 665 2857 πρὸς
687 2771 750 2856 τὴν
771 2776 830 2838 ΓΖ
849 2769 961 2855 βάσιν,
986 2767 1096 2850 οὕτως

23 2893 56 2943 25
75 2879 114 2943 τὸ
139 2883 204 2942 AB
228 2876 363 2960 στερεὸν
386 2877 470 2960 πρὸς
492 2899 529 2942 το
554 2880 620 2940 ΓΔ
644 2876 787 2962 στερεόν.

147 3041 171 3088 2.
192 3035 235 3105 H]
257 3049 272 3087 ε
291 3049 359 3089 corr,
374 3033 401 3086 b.
475 3033 521 3104 N]
539 3033 569 3088 in
588 3050 640 3089 ras.
655 3033 688 3089 V.
761 3039 786 3087 3.
805 3034 877 3105 ΚΞ]
896 3039 949 3089 ΚΖ
962 3035 997 3101 F3
1020 3037 1047 3095 Ξ
1064 3036 1094 3090 in

75 3121 128 3160 ras.
148 3106 182 3159 V.
264 3104 337 3174 ΠΧ]
358 3107 388 3157 Π
404 3104 434 3157 in
454 3121 507 3159 rae.
527 3123 564 3158 m.
585 3110 599 3157 1
618 3105 649 3158 Ρ.
731 3104 805 3175 ΝΩ]
826 3107 859 3159 Ν
873 3105 902 3159 in
921 3122 975 3162 ras.
994 3105 1028 3161 V.

75 3183 100 3229 4.
120 3178 178 3229 ΣΤ
194 3177 224 3230 P.
309 3171 532 3298 Ιξῷιβαλέτωσαν
550 3175 583 3229 V.
603 3247 627 3270 Η
666 3175 754 3270 Ξ]ῌί11
772 3191 826 3229 ras.
842 3175 874 3229 V.
938 3179 1005 3271 ΝΤ,
1027 3179 1093 3259 Tb.

131 3252 154 3301 ὅ.
175 3248 289 3315 σημείωι
334 3265 382 3313 ,ω
401 3264 431 3299 1n
445 3263 498 3302 ras.
554 3251 578 3301 6.
598 3247 673 3316 ωΤ]
693 3265 718 3304 ,ει
737 3262 767 3299 1n
781 3263 834 3301 ras.
849 3245 882 3300 V.
934 3248 1002 3318 ,ιῬ]
1024 3250 1096 3307 Em

75 3316 252 3384 mmo
266 3317 296 3370 F.
354 3317 534 3388 mm.
590 3311 772 3386 mamb.
828 3323 851 3371 7.
867 3319 933 3386 ΚΦ]
952 3321 1093 3374 Φεοοτε.

75 3388 108 3442 V.
164 3394 188 3442 8.
208 3389 279 3458 ΠΣ]
301 3404 369 3443 corr.
389 3404 422 3443 ex
436 3391 494 3441 HE
513 3386 630 3442 m.1b.
689 3383 872 3474 &ndjssjtlb3
892 3405 961 3443 corr.
981 3407 1093 3460 τωρωι.

74 3463 97 3510 1,
175 3467 197 3513 9.
218 3457 289 3514 εἰσιν
308 3459 338 3512 Β,
420 3465 461 3512 11,
482 3455 553 3513 εἰσιν
573 3457 602 3511 P.
678 3463 719 3511 12.
738 3458 808 3528 νπο]
830 3453 925 3525 ἕπλλ);
945 3476 1013 3514 τοτε.
1036 3478 1094 3530 mg.
