2340 3818
152 113 216 177 162
524 112 725 164 Στοεααεαα
743 108 793 180 ιμ’.

152 260 242 322 ἔσται
267 252 312 333 ὡς
334 252 355 340 ἡ
376 260 492 322 ΟΜΝ
511 252 608 340 βασις
626 251 710 341 πρὸς
727 252 790 340 τήν
809 260 913 320 ΣΤΥ
928 249 1040 337 βάσιν,
1065 248 1163 320 οὕτω

151 359 191 428 τὰ
216 363 252 429 έν
275 365 314 449 τῆ
337 366 494 428 ΟΜΝΗ
511 364 674 447 πυραμίδι
698 358 761 427 δύο
780 365 949 447 πρίσματα
970 356 1055 445 πρὸς
1073 354 1114 424 τὰ
1137 361 1170 426 ἐ

151 471 191 556 τῆ
206 473 340 534 ΣΤΥΘ
363 471 525 554 πυραμίδι
550 465 613 534 δύο
637 470 813 555 πρίσματα.
850 462 923 533 ἀλλ’
951 461 997 543 (ὃς
1019 453 1140 550 ήΟΜ

152 572 249 658 βασις
281 570 364 661 πρὸς
397 571 459 658 τήν
487 579 591 640 ΣΤΥ
615 572 731 658 βάσιν,
764 572 870 650 οὕτως
896 569 918 657 ῆ
948 575 1052 638 ΑΒΓ
1075 567 1170 655 βασι

118 699 133 748 5
153 677 236 766 πρὸς
259 677 320 765 τῆν
340 684 440 745 ΔΕΖ
463 676 577 764 βάσιν·
602 687 677 746 ίσον
700 676 765 766 γὰρ
784 676 943 766 έκοίτερον
961 687 1030 745 τῶν
1046 677 1162 744 ΟΜΝ

153 792 257 852 ΣΤΥ
279 783 455 872 τριγώνων
483 785 624 876 ἑκατέρῳ
651 794 720 853 τῶν
748 785 858 870 ΛΞΓ,
886 789 993 850 ΡΦΖ.
1043 782 1099 850 καλ
1126 780 1169 862 ὥς

153 888 219 977 ἄρα
247 887 267 976 ῆ
291 895 396 958 ΑΒΓ
419 889 516 975 βάσις
539 889 623 977 πρὸς
646 888 707 977 τήν
732 896 832 957 ΔΕΖ
855 888 972 975 βάσιν,
1002 886 1107 969 οὕτως
1128 885 1166 956 τα

152 998 296 1082 τέσσαρα
320 1002 486 1083 πρίσματα
509 995 593 1084 πρὸς
615 995 654 1064 τὰ
679 998 822 1085 τέσσαρα
841 1000 1018 1085 πρίσματα.
1049 992 1166 1081 ὁμοίως

154 1102 191 1171 δὲ
214 1098 279 1169 κᾶν
302 1100 361 1180 τὰς
383 1099 646 1188 ὑπολειπομένας
668 1106 858 1190 πυραμίδας
881 1103 1044 1188 διέλωμεν
1067 1109 1112 1181 είς
1128 1123 1163 1170 τε

101 1228 135 1277 10
155 1207 218 1276 δύο
251 1212 440 1294 πυραμίδας
471 1209 526 1275 καί
559 1212 606 1288 είς
638 1206 701 1276 δύο
732 1213 915 1295 πρίσματα,
949 1212 1040 1275 ἔσται
1073 1199 1163 1288 ὦςῆ

154 1319 257 1381 ΑΒΓ
280 1313 377 1399 βάσις
404 1313 487 1401 πρὸς
514 1312 576 1401 τῆν
600 1321 701 1381 ΔΕΖ
728 1313 843 1402 βάσιν,
872 1312 979 1395 οὕτως
1007 1313 1048 1381 τὰ
1071 1315 1105 1381 ἐν
1121 1315 1164 1397 τῇ

154 1426 297 1487 ΑΒΓΗ
329 1424 490 1507 πυραμίδι
526 1425 694 1507 πρίσματα
730 1420 840 1488 πάντα
871 1419 955 1508 πρὸς
987 1419 1029 1487 τὰ
1061 1421 1096 1488 ἐν
1121 1411 1167 1502 τῇ

156 1533 291 1593 ΔΕΖΘ
326 1530 489 1614 πυραμίδι
525 1531 692 1612 πρίσματα
728 1530 836 1594 πάντα
869 1531 1052 1612 ίσοπληθῆ·
1088 1523 1162 1594 ὅτε

155 1636 223 1700 ἔδει
248 1634 362 1712 δείξαι.

103 1793 135 1842 15
587 1778 740 1861 Λῆμμα.

213 1899 283 1966 Ὅτι
307 1899 347 1964 δέ
368 1899 458 1965 ἐστιν
482 1895 527 1977 ὡς
549 1895 586 1966 τὸ
607 1900 707 1973 ΛΞΓ
725 1904 892 1986 τρίγωνον
914 1898 998 1986 πρὸς
1020 1897 1059 1968 τὸ
1074 1903 1131 1966 ΡΦ
1144 1915 1170 1955 1

154 2008 336 2091 τρίγωνον,
365 2001 472 2083 οὕτως
497 2002 535 2072 τὸ
563 2010 705 2091 πρίσμα,
735 1995 776 2072 ου’
804 2006 900 2091 βασις
922 2003 960 2074 τὸ
985 2008 1088 2083 ΛΞΓ
1102 2004 1159 2092 τρί

154 2135 279 2195 γωνον,
303 2106 505 2178 ἀπεναντίον
529 2110 567 2178 δὲ
589 2111 626 2179 τὸ
649 2116 776 2197 ΟΜΝ,
799 2109 883 2198 πρὸς
904 2109 941 2179 νδ
969 2117 1105 2201 πρίσμα,
1127 2111 1170 2178 0⁴

155 2217 252 2300 βάσις
270 2215 332 2301 μὲν
350 2215 387 2283 τὸ
402 2223 500 2284 ΡΦΖ
519 2222 724 2304 [τρίγωνον],
744 2214 946 2286 ἀπεναντίον
965 2219 1003 2286 δὲ
1016 2216 1055 2286 τὸ
1072 2223 1158 2286 ΣΤΥ

103 2341 137 2389 20
157 2319 244 2388 οὕτω
269 2322 426 2389 δεικτέον.

220 2423 291 2495 Ἐπί
314 2423 378 2512 γὰρ
401 2429 459 2511 τῆς
482 2423 585 2512 αὐτῆς
606 2433 822 2516 καταγραφῆς
842 2428 1087 2516 νενοήσθωσαν
1106 2426 1165 2498 ἀπὸ

155 2537 223 2600 τῶν
247 2538 296 2619 Η,
320 2540 349 2599 (δ
371 2529 509 2599 κάθετοι
533 2532 585 2600 ἐπί
609 2532 648 2601 τὰ
667 2542 732 2602 ΑΒ
742 2541 781 2622 Γ,
806 2543 906 2603 ΑΕΖ
930 2539 1080 2624 ἐπίπεδα,
1103 2545 1169 2606 ίσαι

157 2639 285 2724 δηλαδή
313 2637 539 2724 τυγχάνουσαι
569 2638 624 2708 διὰ
652 2639 690 2709 τὸ
715 2646 867 2724 ίσοϋψείς
889 2640 1092 2711 ὑποκεῖσθαι
1115 2643 1153 2712 τὰ

156 2749 353 2831 πυραμίδας.
388 2744 444 2812 καὶ
468 2746 536 2814 ἐπεὶ
561 2747 623 2814 δύο
648 2745 780 2815 εὐθεῖαι
803 2746 825 2835 ῆ
848 2775 883 2817 τε
900 2755 973 2815 ΗΓ
991 2751 1046 2817 καί
1065 2746 1087 2834 ή
1107 2748 1169 2818 ἀπὸ

103 2870 137 2919 25
156 2854 217 2918 τοῦ
237 2857 276 2918 Η
292 2850 435 2932 κοίθετος
457 2849 524 2920 ὑπὸ
548 2853 771 2942 παραλλήλων
791 2856 956 2923 ἐπιπέδων
975 2859 1044 2925 τῶν
1063 2862 1164 2925 ΑΒΓ

160 2963 275 3025 ΟΜΝ
289 2958 481 3046 τέμνονται,
501 2963 547 3038 είς
565 2957 645 3039 τούς
659 2959 781 3041 αὐτοὺς
795 2960 916 3046 λόγους
930 2962 1163 3049 τμηθήσονται

157 3064 212 3130 καὶ
244 3065 398 3151 τέτμηται
429 3062 450 3150 ῆ
478 3070 550 3132 ΗΓ
578 3070 655 3153 δίχα
688 3064 753 3134 ὑπὸ
781 3071 843 3135 τοῦ
873 3073 990 3135 ΟΜΝ
1014 3069 1151 3137 έπιπέδο

157 3168 240 3236 κατὰ
263 3168 301 3237 τὸ
330 3177 376 3237 Ν·
408 3170 464 3237 καὶ
496 3168 517 3258 ή
545 3169 611 3240 ἀπὸ
639 3177 700 3241 τοῦ
728 3180 766 3241 Η
789 3172 855 3261 ι’ἵρα
882 3172 1026 3255 κάθετος
1053 3175 1107 3243 ἐπί
1135 3204 1152 3243 τ

231 3370 271 3419 15.
290 3365 397 3436 λῆμμα]
418 3381 472 3421 om.
492 3365 553 3420 BV.
628 3373 669 3423 16.
689 3369 789 3439 ΛΞΓ]
812 3374 867 3424 Pe
887 3387 955 3426 corr.
975 3388 1011 3425 m.
1031 3375 1047 3424 2
1067 3369 1101 3426 V.

157 3437 236 3489 ΖΡΦ
253 3435 282 3492 Ρ,
358 3441 399 3492 17.
418 3431 492 3492 οὕτω
512 3436 542 3492 Β.
619 3444 659 3494 19.
678 3441 814 3511 τρίγωνον
834 3456 888 3496 om.
907 3441 938 3496 P.
1014 3443 1163 3512 ΥΣΤτρί
