2340 3818
96 146 141 210 30
467 144 667 197 ΣΤοῑΧιιαιΝ
686 141 737 198 ια’.

97 289 187 356 ἐστὶν
211 288 348 374 ἑκατέρα
371 290 439 355 τῶν
461 283 527 354 ὑπὸ
549 293 670 370 ΖΗΔ,
691 291 793 351 ΖΗΕ
814 286 957 370 γωνιῶν.
999 279 1057 348 διὰ
1077 278 1119 348 τά

94 391 181 462 αι’πά
211 392 253 480 δὴ
281 394 337 460 καὶ
367 394 504 479 ἑκατέρα
527 396 595 459 τῶν
618 388 683 459 ὑπὸ
708 397 828 476 ΘΚΑ,
855 394 957 457 ΘΚΒ
980 391 1119 473 γωνιῶν

98 497 187 587 ὀρθή
212 502 310 567 ἐστιν.
346 498 402 565 καὶ
427 497 496 566 ἐπεὶ
520 496 583 565 δύο
607 499 645 565 αἴ
662 504 696 565 Κ
703 505 745 582 Α,
768 503 833 564 ΑΒ
852 494 916 563 δύο
934 507 1007 574 ταῖς
1026 501 1118 578 ΗΛ,

97 614 132 673 A
138 613 169 672 E
191 613 261 673 ἴσαι
279 605 367 673 εἴσῖν
386 603 522 688 ἑκατέρα
542 605 693 693 ἑκατέρᾳ,
717 604 772 671 καὶ
790 606 916 689 γωνίας
934 609 1007 680 ἴσας
1024 624 1120 685 περι-

23 742 28 749 ’
62 714 248 800 σέχουσιν,
283 711 381 797 βάσις
412 708 478 797 άρα
507 707 529 796 ἡ
553 717 620 778 ΚΒ
648 710 743 795 βάσει
771 711 905 797 τῇΗΒ
931 715 986 794 ἴση
1015 708 1121 774 ἐστίν.

98 823 165 886 ἔστι
199 817 235 886 δὲ
266 817 321 883 καὶ
354 813 375 902 ἡ
403 822 468 883 ΚΘ
500 820 540 906 τῇ
563 822 631 883 ΗΖ
663 824 732 902 ἴση·
764 816 820 882 καὶ
851 818 976 900 γωνίας
1008 809 1122 898 ὀρθάς

97 925 322 1011 περιέχουσιν·
351 929 406 1008 ἴση
434 921 500 1010 άρα
526 922 583 989 καὶ
605 919 626 1008 ἡ
650 928 711 988 ΘΒ
735 925 774 1009 τῇ
799 927 870 989 ΖΕ.
919 919 1021 987 πάλιν
1046 920 1121 986 ἐπεὶ

98 1030 163 1097 δύο
187 1031 224 1096 αἴ
244 1035 330 1113 ΑΚ,
355 1035 422 1095 ΚΘ
446 1029 523 1096 δυσὶ
546 1041 618 1107 ταῖς
642 1034 731 1112 ΔΗ,
754 1034 822 1094 ΗΖ
845 1034 916 1094 ἴσαι
939 1029 1037 1111 είσίυ,
1061 1025 1122 1092 καὶ

98 1140 224 1221 γωνίας
246 1131 354 1219 ὀρθάς
378 1135 604 1222 περιέχουσιν,
627 1132 725 1220 βάσις
747 1131 813 1219 άρα
835 1130 856 1218 ἡ
876 1140 942 1200 ΑΘ
959 1130 1058 1217 βάσει
1074 1135 1120 1220 τῇ

47 1263 80 1313 10
100 1249 166 1307 ΖΔ
194 1247 249 1326 ἴση
279 1243 379 1309 ἐστίν.
430 1246 498 1309 ἔστι
527 1240 564 1308 δὲ
586 1240 642 1308 καὶ
665 1237 686 1325 ἡ
711 1246 776 1306 ΑΒ
798 1243 838 1326 τῇ
863 1246 934 1305 AE
954 1245 1022 1324 ἴση·
1053 1237 1122 1307 δύο

100 1344 140 1432 δὴ
171 1348 208 1412 αι’
230 1353 312 1431 ΘΑ,
340 1355 404 1414 ΑΒ
435 1347 497 1415 δύο
525 1359 598 1426 ταῖς
621 1352 702 1431 ΔΖ,
731 1353 801 1412 AE
826 1352 896 1411 ἴσαι
919 1348 1015 1411 είσίν.
1061 1345 1123 1411 καὶ

99 1449 195 1538 βάσις
226 1449 247 1539 ἡ
275 1461 337 1520 ΘΒ
371 1455 466 1539 βάσει
497 1456 536 1541 τῇ
566 1459 630 1520 ΖΕ
662 1460 730 1539 ἴση·
762 1457 869 1537 γωνία
901 1447 967 1536 άρα
998 1447 1019 1536 ἡ
1050 1447 1122 1519 ὑπὸ

99 1564 199 1625 ΒΑΘ
226 1564 335 1648 γωνίηι
360 1564 400 1648 τῇ
429 1558 494 1628 ὑπὸ
520 1566 621 1626 ΕΔΖ
651 1559 743 1625 ἐστιν
770 1565 836 1643 ἴση.
883 1552 939 1623 διά
967 1554 1008 1622 τά
1032 1553 1124 1624 αὐτά

100 1660 142 1750 δὴ
164 1664 221 1730 καὶ
239 1662 259 1750 ἡ
279 1665 344 1733 υπὸ
360 1673 462 1732 ΘΑΛ
480 1669 520 1753 τῇ
538 1661 605 1732 ὑπὸ
622 1670 688 1730 ZA
694 1669 726 1730 Γ
740 1665 831 1731 ἐστιν
850 1670 905 1748 ἴση
927 1661 1123 1749 [ἐπειδήπερ

47 1791 81 1844 15
101 1768 161 1838 ἐὰν
184 1767 407 1858 άπολάβωμεν
431 1779 505 1849 ἴσας
526 1770 587 1849 τὰς
609 1776 692 1854 ΑΛ,
721 1775 791 1836 ΛΓ
814 1768 869 1835 καὶ
898 1766 1124 1854 ἐπιζεύξωμεν

99 1874 158 1954 τὰς
182 1883 266 1962 ΚΛ,
290 1883 370 1962 ΘΛ,
395 1883 478 1963 ΗΓ,
507 1882 584 1962 ΖΓ,
613 1876 683 1944 ἐπεὶ
707 1874 767 1961 ὅλη
792 1872 812 1963 ἡ
836 1872 903 1943 ὑπὸ
926 1881 1032 1942 ΒΛΛ
1056 1873 1123 1965 ὅλη

99 1986 138 2071 τῇ
172 1980 237 2051 ὑπὸ
266 1990 371 2051 ΕΑΓ
399 1985 490 2052 ἐστιν
523 1992 591 2071 ἴση,
624 1973 673 2052 οἷν
703 1980 724 2069 ἡ
757 1980 822 2050 ὑπὸ
851 1988 957 2049 ΒΑΚ
983 1984 1022 2068 τῇ
1052 1979 1123 2051 ὑπὸ

100 2095 213 2155 ΕΔΗ
232 2085 404 2156 ὑπόκειται
428 2097 499 2175 ἴση,
527 2089 626 2176 λοιπὴ
655 2088 721 2177 άρα
748 2086 769 2174 ἡ
797 2085 863 2155 ὑπὸ
887 2094 995 2154 ΚΑΛ
1018 2091 1124 2176 λοιπῇ

100 2204 140 2281 τῇ
164 2191 229 2261 ὑπὸ
253 2201 365 2263 ΗΔΓ
389 2199 481 2263 ἐστιν
507 2203 572 2282 ἴση.
617 2196 674 2263 καὶ
697 2195 767 2263 ἐπεὶ
791 2193 854 2263 δύο
878 2198 916 2261 αἴ
936 2201 1021 2277 ΚΑ,
1050 2201 1123 2261 ΑΛ

45 2321 83 2372 20
102 2298 180 2367 δυσὶ
202 2313 274 2379 ταῖς
292 2306 380 2386 ΗΔ,
401 2305 472 2367 ΛΓ
489 2308 561 2367 ἴσαι
584 2305 686 2385 είσίν,
708 2301 764 2367 καὶ
787 2298 912 2385 γωνίας
935 2307 1008 2377 ἴσας
1027 2322 1122 2386 περι-

102 2407 252 2493 ἔχουσιν,
280 2405 378 2491 βάσις
407 2403 474 2493 άρα
500 2403 520 2492 ἡ
551 2413 619 2473 ΚΛ
646 2405 742 2491 βάσει
769 2409 808 2493 τῇ
837 2409 910 2470 ΗΓ
933 2406 1024 2472 ἐστιν
1053 2414 1121 2494 ἴση.

101 2516 171 2578 ἔστι
200 2511 238 2579 δὲ
259 2512 316 2578 καὶ
339 2508 360 2599 ἡ
383 2517 451 2578 ΚΘ
473 2515 512 2599 τῇ
535 2517 602 2577 ΗΖ
633 2519 701 2597 ἴση·
726 2511 788 2578 δύο
814 2507 855 2596 δὴ
880 2510 917 2575 αί
938 2517 1022 2596 ΛΚ,
1052 2519 1123 2580 ΚΘ

102 2618 180 2686 δυσὶ
212 2633 283 2698 ταῖς
317 2623 398 2703 ΓΗ,
429 2624 498 2684 ΗΖ
530 2622 616 2684 εἴσιν
649 2624 732 2684 ἴσαι·
764 2617 820 2684 καὶ
851 2621 977 2702 γωνίας
1010 2613 1123 2705 ὀρθάς

102 2726 325 2810 περιέχουσιν·
348 2722 447 2808 βάσις
469 2721 536 2808 άρα
559 2720 658 2809 ἡΘΛ
681 2720 777 2808 βάσει
800 2726 838 2812 τῇ
855 2728 919 2789 ΖΓ
938 2725 1028 2790 ἐστιν
1052 2731 1121 2812 ἴση.

45 2849 83 2900 25
101 2832 157 2898 καὶ
185 2829 254 2898 ἐπεὶ
283 2828 346 2896 δύο
370 2833 407 2895 αἴ
428 2836 508 2914 ΘΑ,
538 2834 605 2895 ΑΛ
633 2829 711 2896 δυσὶ
738 2842 810 2909 ταῖς
833 2836 914 2914 ΖΔ,
943 2834 1012 2895 ΔΓ
1031 2833 1122 2898 εἴσιν

102 2935 261 3021 ἴσαι,καῖ
284 2937 381 3020 βάσις
402 2932 423 3021 ἡ
448 2941 513 3001 ΘΛ
535 2934 631 3020 βάσει
652 2939 693 3024 τῇ
718 2942 784 3003 ΖΓ
802 2938 893 3003 ἐστιν
917 2943 987 3021 ἴση,
1009 2942 1121 3021 γωνία

102 3040 167 3129 άρα
200 3038 221 3125 ἡ
253 3038 319 3108 ὑπὸ
348 3047 450 3107 ΘΑΛ
481 3046 589 3131 γωνίᾳ
621 3045 660 3130 τῇ
693 3039 760 3110 ὑπὸ
789 3046 893 3108 ΖΔΓ
918 3044 1009 3109 ἐστιν
1038 3047 1121 3129 ἴση].

104 3152 172 3214 ἔστι
196 3145 233 3213 δὲ
256 3142 354 3233 καὶὴ
378 3143 446 3214 ὑπὸ
471 3152 574 3213 ΒΑΛ
595 3150 636 3235 τῇ
659 3143 725 3214 υπὸ
750 3151 855 3245 ΕΑΓ
873 3153 938 3232 ἴση.

42 3261 55 3280 ’
170 3249 308 3339 Πρός”
288 3278 353 3336 αρα
375 3255 415 3340 τῇ
436 3257 576 3341 δοθείσῃ
601 3249 700 3321 ευθεί
698 3281 719 3343 ᾳ
748 3280 787 3342 ιη
808 3261 872 3320 ΑΒ
896 3252 951 3320 καῖ
969 3279 1014 3320 τω
1035 3253 1121 3341 πρὸς

104 3365 198 3447 ——.3
219 3391 277 3448 ἐστι
297 3392 332 3463 V,
352 3412 442 3464 comp
460 3394 514 3449 Fb.
598 3394 664 3466 δύο]
684 3395 755 3462 (αλλ)
774 3396 841 3448 δυσί
856 3393 913 3449 Vb.
995 3401 1019 3450 4.
1040 3414 1121 3460 περι-

93 3462 196 3531 έχονιυ
185 3465 297 3520 cPVb
373 3465 513 3522 5.ΒΚΒ.
582 3467 764 3538 ΗΒ]Ε““Ἠ
778 3465 809 3520 F.
881 3459 971 3536 εστίν]
990 3482 1044 3521 om
1058 3465 1120 3521 Vb.
