2340 3818
347 147 621 199 mammosam
639 148 748 199 mana
765 149 814 200 rr,
1072 147 1091 210 ἰ

145 291 196 354 17.
219 288 407 354 Diametrus
427 293 538 354 autem
557 290 713 374 sphaerae
732 296 782 354 est
800 295 890 355 recta
909 292 1019 376 aliqua
1034 314 1093 376 per

76 399 226 460 centrum
267 395 363 460 ducta
402 399 435 459 et
476 395 516 460 ad
552 400 723 479 utramque
759 401 888 479 partem
924 399 1091 480 superficie

78 501 238 585 sphaerae
259 501 443 565 terminata

144 608 197 671 18.
230 605 339 673 Oonus
366 611 418 672 est
445 608 552 692 figura
578 607 823 692 comprehensa,
856 609 911 672 ubi
939 614 1090 674 manente

77 700 233 779 alterutro
250 714 352 778 latere
366 714 523 800 trianguli
537 715 719 799 rectanguli
733 737 851 800 eorum,
870 736 952 800 quae
966 718 1090 779 rectum

77 821 234 905 angulum
249 821 534 904 comprehendunt,
552 822 736 907 triangulus
751 822 963 887 circumactus
978 843 1089 885 rursus

76 927 276 991 adeundam
303 927 410 991 locum
437 928 634 1010 restituitur,
661 927 746 991 unde
774 928 852 992 ferri
875 932 1008 1012 coeptus
1032 931 1090 992 est.

76 1036 110 1096 et
132 1033 161 1097 si
183 1039 273 1098 recta
295 1054 429 1097 manens
458 1033 601 1117 aequalia
628 1038 680 1098 est
701 1034 844 1118 reliquae
868 1035 908 1099 ad
932 1035 1089 1119 angulum

75 1141 200 1202 rectum
223 1139 362 1222 positae,
386 1159 467 1222 quae
491 1138 734 1222 circumagitur,
758 1161 856 1204 conus
879 1141 1087 1226 rectangulus

74 1243 150 1328 erit,
178 1243 230 1307 sin
251 1245 357 1308 minor
380 1248 442 1328 est,
470 1244 733 1329 obtusianguluS,
760 1246 811 1309 sin
840 1246 958 1329 maior,
987 1247 1086 1310 acuti·

73 1349 222 1432 angulus.

143 1454 192 1518 19.
228 1454 309 1519 Axis
343 1456 451 1519 autem
483 1454 555 1518 coni
587 1458 676 1520 recta
708 1458 759 1519 est
785 1477 932 1537 manens,
966 1457 1085 1521 circum

74 1581 174 1643 quam
196 1558 380 1644 triangulus
404 1560 642 1645 circumagitur.

141 1665 193 1730 20.
220 1665 315 1730 Basis
339 1669 448 1730 autem
471 1666 609 1731 circulus
633 1671 697 1751 est,
720 1667 774 1749 qui
798 1689 817 1731 a
839 1671 929 1731 reeta
952 1668 1086 1732 circum-

72 1774 149 1835 acta
171 1771 371 1835 describitur.

140 1877 192 1941 21.
216 1875 389 1961 Cylindrus
409 1882 458 1942 est
470 1878 576 1961 figura
591 1879 833 1962 comprehensa,
854 1877 911 1940 ubi
925 1877 1084 1944 alterutro

70 1981 212 2046 laterum
242 1983 538 2069 parallelogrammi
565 1983 747 2066 rectanguli
777 1985 901 2047 rectum
930 1985 1085 2068 angulum

70 2088 411 2171 comprehendentium
430 2091 580 2152 manente
598 2087 938 2171 parallelogrammum
953 2089 1084 2154 circum-

71 2196 180 2258 actum
202 2215 314 2258 rursus
339 2193 378 2258 ad
402 2193 538 2259 eundem
562 2194 669 2259 locum
687 2194 878 2278 restituitur,
902 2195 985 2260 unde
1004 2195 1084 2260 ferri
1140 2182 1144 2189 ¹

70 2303 221 2382 coeptum
246 2303 303 2363 est.

139 2405 190 2468 22.
212 2405 293 2468 Axis
318 2410 427 2470 autem
450 2406 585 2490 cylindri
607 2411 696 2471 recta
719 2409 769 2470 est
791 2428 939 2490 manens,
962 2408 1082 2472 circum

68 2532 169 2594 quam
192 2510 535 2594 parallelogrammum
559 2512 795 2595 circumagitur.

137 2615 190 2679 23.
219 2615 320 2680 Basca
348 2621 456 2681 autem
485 2618 597 2683 circuli
620 2623 708 2702 sunt,
736 2619 791 2702 qui
815 2641 834 2682 a
857 2618 981 2684 duobus
1004 2620 1082 2684 late-

67 2721 161 2785 ribus
184 2723 270 2785 inter
293 2744 327 2786 se
351 2723 510 2806 oppositis
528 2723 563 2787 in
581 2724 827 2808 circumagendo
847 2723 1081 2790 deseribuntur.

137 2827 189 2891 24.
213 2825 342 2892 Similes
366 2828 438 2893 coni
461 2831 494 2892 et
517 2829 655 2912 cylindri
678 2833 761 2914 sunt,
789 2852 925 2915 quorum
949 2853 1025 2896 axes
1050 2836 1082 2896 et

66 2932 197 2997 basium
222 2933 369 2999 diametri
392 2934 652 3018 proportionales
676 2939 760 3000 sunt.

66 3196 105 3232 m.
124 3193 179 3232 ree.
200 3177 230 3242 P,
251 3193 304 3231 om.
323 3176 409 3245 Vbo.
474 3182 498 3231 9.
517 3178 585 3233 Post
603 3173 695 3249 ὀρθήν
714 3181 777 3235 add.
797 3183 904 3269 poploe
922 3180 1031 3235 Psellus
1050 3185 1080 3235 et

64 3247 104 3315 F,
123 3217 367 3335 sedpuirctisdel.
424 3243 703 3321 10.άμβυγωνιοςφ.
760 3257 802 3305 12.
818 3250 862 3321 δέ]
878 3267 1027 3319 suprascr.
1042 3269 1078 3304 m.

67 3325 81 3372 1
105 3318 137 3373 V.
211 3314 328 3403 eterra]
347 3336 401 3373 om.
422 3319 453 3373 V.
518 3326 560 3375 16.
580 3319 612 3374 δέ
632 3317 759 3378 lorth.
825 3327 868 3376 18
873 3322 1017 3407 pactast
1028 3337 1090 3372 ors

64 3388 98 3445 B.
173 3395 215 3444 23.
210 3384 316 3526 ,Ρράσιίς
334 3387 420 3518 Vplp.
492 3385 725 3451 durveorlovb.
801 3398 852 3449 ‘ab
872 3385 1101 3456 everrentes

140 3452 208 3514 ὦσιν
277 3476 330 3514 em
