2340 3818
583 770 641 864 ιγ’.

587 921 649 987 α’..

166 1043 253 1111 Ἐὰν
277 1040 418 1111 εὐθεῖα
441 1042 597 1132 γραμμή
622 1042 745 1133 ἄκρον
767 1045 831 1112 καί
850 1045 976 1132 μέσον
996 1043 1115 1130 λόγον

101 1157 247 1236 τμηθῇ,
277 1148 318 1217 τὸ
346 1156 480 1236 μεῖζον
508 1153 638 1237 τμήμα
666 1149 903 1236 προσλαβὸν
930 1149 1005 1237 τήν
1032 1147 1115 1238 ήμί-

102 1274 214 1322 σειαν
237 1260 304 1341 τῆς
327 1254 423 1342 ὅλης
445 1256 743 1326 πενταπλάσιον
763 1256 935 1325 δύναται
954 1261 1029 1325 τοῦ
1046 1253 1118 1324 ἆτιὸ

66 1365 168 1446 στής
191 1358 373 1447 ἡμισείας
395 1362 656 1450 τετραγώνου.

168 1466 301 1535 Εὐθεῖα
324 1467 389 1554 γὰρ
412 1468 545 1554 γραμμή
566 1467 586 1554 ή
606 1476 672 1535 AB
691 1468 797 1554 ἄκρον
815 1469 871 1537 καὶ
890 1470 996 1556 μέσον
1016 1469 1124 1556 λόγον

101 1572 277 1660 τετμήσθω
301 1572 383 1642 κατὰ
406 1574 444 1643 τὸ
464 1580 496 1642 Γ
515 1589 664 1661 σημεῖον,
688 1575 743 1642 καὶ
767 1581 850 1644 ἔστω
873 1583 985 1663 μεῖζον
1008 1580 1124 1663 τμῆμα

100 1681 138 1748 τὸ
159 1690 191 1748 Α
197 1687 239 1768 Γ,
263 1681 318 1748 καί
342 1679 556 1766 ἐκβεβλήσθω
580 1679 630 1747 ἐπ’
657 1679 792 1762 εὐθείας
813 1684 853 1770 τῇ
872 1686 933 1749 ΓΑ
956 1680 1121 1769 εὐθεῖαή

102 1795 184 1871 ΑΔ,
212 1787 267 1854 καί
295 1792 420 1855 κείσθω
447 1790 506 1871 τῆς
528 1793 594 1852 AB
622 1783 755 1873 ἡμίσεια
778 1787 798 1874 ή
822 1795 905 1854 ΑΛ·
934 1789 1039 1873 λε’ῂο,
1070 1785 1123 1856 ὅτι

50 1914 84 1962 10
104 1893 351 1962 πενταπλάσιόν
375 1895 445 1961 ἐστι
467 1891 505 1960 τὸ
528 1892 594 1960 ἀπὸ
618 1896 676 1979 τῆς
700 1898 762 1961 ΓΛ
784 1898 845 1962 τοῦ
868 1891 933 1960 ιἰτιὸ
957 1885 1016 1979 τῆς
1040 1903 1123 1962 ΛΑ.

167 1998 496 2087 Ἀναγεγράφθωσαν
524 2000 589 2086 γὰρ
618 1997 683 2066 ἀπὸ
712 2004 780 2067 τῶν
803 2007 885 2085 ΑΒ,
914 2005 984 2067 ΛΓ
1007 2000 1122 2084 τετρά-

105 2133 198 2192 γωνα
221 2104 261 2172 τὰ
281 2112 366 2190 ΑΕ,
391 2113 472 2190 ΛΖ,
495 2105 550 2172 καὶ
574 2105 841 2194 καταγεγράφθω
866 2107 903 2173 ἐν
925 2109 970 2196 τῷ
991 2112 1060 2173 ΔΖ
1084 2103 1120 2173 τὸ

104 2215 231 2298 σχῆμα,
255 2211 311 2278 καὶ
336 2209 465 2296 διήχθω
489 2209 509 2296 ή
535 2217 599 2279 ΖΓ
618 2211 670 2278 ἐπὶ
693 2209 731 2278 τὸ
754 2218 797 2279 Η.
834 2210 889 2278 καὶ
913 2210 983 2279 ἐκεί
1007 2208 1027 2296 ἡ
1053 2219 1122 2278 AB

103 2315 209 2405 ἄκρον
237 2317 293 2384 καὶ
316 2318 419 2403 μέσον
443 2316 547 2402 λόγον
569 2319 724 2403 τέτμηται
752 2315 834 2384 κατά
858 2316 895 2384 τὸ
920 2323 963 2402 Γ,
990 2315 1028 2384 τὸ
1055 2319 1121 2402 ἄρα

51 2441 83 2491 15
104 2420 168 2491 ὑπὸ
199 2425 266 2491 τῶν
290 2428 392 2490 ΑΒΓ
417 2429 492 2489 ίσον
521 2423 589 2489 ἐστὶ
612 2427 657 2514 τῷ
681 2420 747 2490 οἷτιὸ
771 2427 829 2509 τής
852 2428 926 2490 ΑΓ.
971 2428 1031 2490 καί
1052 2418 1121 2490 ἐστι

102 2527 140 2596 τὸ
169 2529 231 2615 μὲν
260 2525 326 2596 ὑπὸ
354 2530 423 2595 τῶν
446 2534 548 2596 ΑΒΓ
571 2527 608 2596 τὸ
633 2534 714 2613 ΓΕ,
742 2526 780 2595 τὸ
810 2527 847 2596 δὲ
876 2525 940 2595 ἀπὸ
968 2531 1027 2614 τής
1056 2535 1127 2596 ΑΓ

101 2632 140 2701 τὸ
169 2641 244 2701 ΖΘ·
279 2641 353 2701 ἴσον
386 2632 452 2722 ἄρα
484 2631 521 2701 τὸ
551 2639 614 2700 ΓΕ
644 2637 689 2724 τῷ
719 2640 788 2702 ΖΘ.
837 2634 892 2700 καὶ
920 2620 990 2701 ’ἐπεὶ
1019 2638 1122 2720 διπλῆ

103 2741 193 2807 ἐστιν
222 2737 242 2825 ή
267 2747 334 2806 ΒΑ
356 2744 414 2826 τῆς
437 2747 522 2824 ΑΔ,
551 2747 605 2824 ίσή
635 2739 672 2807 δὲ
700 2736 721 2825 ἡ
745 2739 807 2825 μὲν
831 2746 897 2805 ΒΑ
919 2742 958 2827 τῇ
982 2745 1073 2826 ΚΑ,
1103 2737 1123 2825 ἡ

103 2844 141 2912 δὲ
164 2853 236 2911 ΑΔ
262 2849 301 2933 τῇ
326 2853 406 2931 ΑΘ,
435 2849 535 2931 διπλῆ
564 2843 629 2930 ἄρα
656 2845 712 2911 καὶ
735 2845 756 2930 ή
779 2851 853 2911 ΚΑ
873 2848 932 2930 τής
955 2852 1029 2912 ΑΘ.
1079 2844 1125 2926 ὡς

49 2971 84 3019 20
104 2951 141 3018 δὲ
164 2949 184 3036 ή
210 2958 279 3018 ΚΑ
302 2950 385 3039 πρὸς
408 2950 469 3038 τήν
493 2958 574 3036 ΑΘ,
599 2948 705 3030 οὕτως
727 2950 764 3019 τὸ
787 2956 855 3018 ΓΚ
876 2951 960 3037 πρὸς
982 2949 1020 3018 τὸ
1046 2957 1125 3020 ΓΘ·

175 3141 237 3200 Ενκ
238 3148 333 3200 λείθον
359 3147 503 3215 στοιχείων
526 3144 662 3215 ΐγΡἮ),
688 3141 847 3200 Εοκλείθον
872 3145 992 3212 στερεῶν
1011 3167 1028 3214 γ
1049 3165 1124 3201 στοι-

102 3216 274 3286 χειίωνΓγιΒ,
290 3212 448 3271 Εὐκλείδου
464 3217 608 3286 στοιχείων
624 3233 787 3285 γοερεων
788 3236 813 3338 Ἑρ
816 3234 864 3340 gb
889 3213 1125 3359 ἰσορρογμρνρν]

100 3288 403 3427 ξοῖοὲρεεῗὲοἳτω
418 3282 647 3428 2εήῖθεῖογήῗε(ή’λιέεςι
644 3287 821 3425 ἀΞῂΒθοῃοήεε
840 3305 921 3414 mq1.
977 3362 1002 3410 9.
1022 3307 1079 3412 ήαί
1090 3309 1125 3399 ff
