2340 3818
99 134 162 198 156
467 133 669 186 Σνουοιιαυ
687 129 737 205 ιμ’.

97 274 118 362 ἡ
142 281 301 364 πυραμίς,
329 267 370 362 ἧς
399 274 496 361 βάσις
518 274 556 343 τὸ
580 282 678 343 ΕΒΖ
707 280 890 362 τρίγωνον,
920 273 1052 361 κορυφὴ
1076 273 1113 342 δὲ

97 380 135 450 τὸ
160 388 194 449 Κ
216 395 367 469 σημεῖον,
396 391 451 468 ἴση
476 382 544 449 ἐστὶ
568 385 741 468 πυραμίδι,
765 371 805 465 ἦς
827 378 925 466 βάσις
947 377 986 448 τὸ
1009 386 1119 447 ΑΕΗ

98 492 281 575 τρίγωνον,
313 485 445 576 κορυφὴ
476 486 513 554 δὲ
540 487 578 555 τὸ
601 495 630 555 Θ
658 497 810 573 σημείου·
843 485 910 555 ὑπὸ
938 485 1004 576 γὰρ
1034 494 1122 555 ίσων

97 594 154 662 καὶ
174 592 301 681 ὁμοίων
321 595 486 662 ἐπιπέδων
505 595 724 681 περιέχονται.
758 591 911 661 ὥστεκαὶ
925 592 964 661 τὸ
979 599 1125 682 πρίσμα,

64 719 79 768 5
100 692 141 770 οὗ
164 702 262 787 βάσις
286 700 348 786 μὲν
370 700 407 768 τὸ
432 707 574 767 ΕΒΖΗ
592 698 953 789 παραλληλόγραμμον,
976 699 1127 768 ἀπεναν-

98 812 173 875 τίον
192 806 230 875 δὲ
248 805 269 892 ἡ
285 812 353 873 ΘΚ
370 803 503 890 εὐθεῖα,
523 805 636 891 μεῖζόν
656 809 724 874 ἐστι
741 810 941 894 πυραμίδος,
962 796 1002 892 ἧς
1021 804 1129 892 βάσις

100 914 162 1000 μέν
181 912 218 981 τὸ
233 919 344 981 ΑΕΗ
357 918 535 1001 τρίγωνον,
554 910 687 1000 κορυφὴ
707 913 745 981 δὲ
762 911 800 981 τὸ
815 920 844 980 Θ
862 925 1012 999 σημεῖον.
1043 921 1130 979 ίσον

100 1018 138 1087 δὲ
165 1018 203 1086 τὸ
232 1018 294 1105 μὲν
321 1024 462 1107 πρίσμα,
492 1010 533 1086 οὗ
561 1021 658 1104 βοίσις
685 1018 723 1088 τὸ
747 1025 889 1087 ΕΒΖΗ
910 1015 1131 1107 παραλληλό-

99 1151 270 1215 γραμμον,
298 1122 501 1194 ἀπεναντίον
523 1125 560 1194 δὲ
583 1123 605 1212 ἡ
628 1132 696 1193 ΘΚ
718 1123 851 1210 εὐθεῖα,
878 1129 923 1217 τῷ
948 1130 1133 1212 πρίσματι,

49 1250 82 1300 10
102 1223 144 1300 οὗ
172 1231 270 1316 βάσις
297 1231 358 1318 μὲν
385 1229 423 1300 τὸ
446 1237 552 1300 ΗΖΓ
574 1238 755 1320 τρίγωνον,
787 1229 991 1299 ἀπεναντίον
1021 1230 1059 1298 δὲ
1096 1225 1133 1293 τὸ

101 1343 203 1405 ΘΚΑ
222 1343 402 1426 τρίγωνον·
425 1336 446 1424 ἡ
467 1337 504 1406 δὲ
521 1345 677 1425 πυραμίς,
697 1330 737 1424 ἧς
755 1337 852 1423 βάσις
870 1338 909 1405 τὸ
927 1344 1039 1404 ΑΕΗ
1052 1335 1137 1420 τρί-

101 1469 229 1529 γωνον,
256 1444 389 1534 κορυφὴ
413 1444 451 1513 δέ
473 1443 511 1512 τὸ
534 1452 563 1512 Θ
587 1458 740 1531 σημεῖον,
769 1453 824 1531 ίση
853 1445 922 1512 ἐστὶ
945 1441 1139 1532 πυραμίδι,

101 1540 142 1635 ἧς
159 1548 257 1634 βάσις
274 1548 312 1616 τὸ
332 1557 400 1618 ΘΚ
403 1557 434 1617 Λ
452 1555 629 1639 τρίγωνον,
652 1549 784 1637 κορυφὴ
804 1549 843 1618 δέ
860 1547 898 1618 τὸ
919 1559 953 1616 Δ
971 1561 1140 1636 σημεῖον.

101 1654 141 1722 τὰ
165 1654 232 1746 ἀρα
255 1659 413 1744 εἰρημένα
437 1656 499 1724 δύο
523 1663 690 1745 πρίσματα
710 1656 844 1744 μείζονά
864 1659 932 1725 έστι
948 1660 1018 1725 τῶν
1033 1661 1139 1741 είρη-

50 1780 82 1829 15
100 1764 214 1849 μένων
233 1764 296 1831 δύο
316 1766 525 1851 πυραμίδων,
545 1754 594 1831 ὧν
612 1762 726 1848 βάσεις
745 1762 806 1849 μέν
824 1760 865 1830 τά
880 1771 1001 1852 ΑΕΗ,
1022 1763 1138 1832 ΘΚΑ

102 1874 264 1955 τρίγωνα,
288 1870 435 1958 κορυφαὶ
460 1869 497 1937 δὲ
519 1867 560 1937 τὰ
584 1876 627 1954 Θ,
653 1877 686 1935 Δ
709 1882 837 1956 σημεῖα.

164 1973 211 2043 Ἡ
229 1975 295 2063 ἀρα
318 1974 379 2062 ὅλη
403 1981 558 2063 πυραμίς,
582 1967 622 2062 ἧς
644 1975 742 2060 βάσις
764 1975 801 2044 τὸ
821 1982 928 2045 ΑΒΓ
940 1982 1128 2065 τρίγωνον,

102 2081 235 2168 κορυφὴ
260 2082 297 2150 δὲ
315 2081 352 2150 τὸ
378 2091 411 2149 Δ
435 2096 589 2171 σημεῖον,
618 2081 772 2170 διῄρηται
801 2090 849 2161 είς
870 2108 905 2150 τε
930 2082 993 2151 δύο
1017 2103 1123 2168 πυρα·

104 2191 204 2272 μίδας
227 2195 301 2267 ίσας
323 2185 483 2274 ἀλλήλαις
507 2189 576 2272 [καὶ
600 2186 718 2275 ὁμοίας
740 2192 780 2276 τῇ
804 2186 879 2277 ὅλῃ]
904 2191 962 2257 καὶ
985 2193 1033 2269 είς
1055 2180 1117 2255 δύο

50 2311 85 2359 20
104 2297 270 2378 πρίσματα
298 2300 370 2376 ίσα,
398 2291 517 2359 καὶτὰ
545 2293 608 2361 δύο
631 2300 797 2381 πρίσματα
825 2294 961 2380 μείζονά
986 2284 1113 2375 ἐστινῆ

103 2395 141 2464 τὸ
164 2395 268 2484 ἥμισυ
290 2400 349 2482 τῆς
372 2395 452 2482 ὅλης
473 2403 672 2485 πυραμίδος·
697 2397 778 2488 ὅπερ
802 2404 870 2468 ἔδει
893 2402 1009 2481 δείξαι.

594 2609 635 2678 δ’.

168 2731 258 2802 Ἐὰν
282 2725 355 2801 οἷσι
380 2732 450 2802 δύο
474 2739 695 2821 πυραμίδες
722 2733 796 2805 ὑπὸ
826 2735 868 2805 τὸ
897 2734 997 2805 αὐτὸ
1020 2738 1112 2819 ὕψος

104 2839 327 2927 τριγώνους
359 2845 521 2928 ἔχουσαι
553 2839 703 2928 βάσεις,
737 2845 924 2931 διαιρεθῇ
957 2842 1000 2911 δέ
1032 2843 1113 2911 ἑκα-

52 2964 85 3013 25
104 2949 196 3034 τέρα
224 2943 352 3014 αὐτῶν
381 2954 437 3026 είς
464 2972 503 3013 τε
531 2945 605 3014 δύο
634 2952 858 3036 πυραμίδας
885 2956 974 3028 ίσας
1000 2945 1115 3036 ἀλλή-

106 3060 194 3132 λαις
222 3052 287 3119 nal
315 3048 455 3138 ὁμοίας
480 3056 524 3140 τῇ
553 3050 624 3141 ὅλῃ
651 3053 716 3121 καὶ
744 3058 800 3134 είς
828 3052 900 3122 δύο
923 3059 1117 3140 πρίσματα

178 3243 412 3329 ι.ιό](ο1ι.)ιά
432 3265 458 3315 q.
549 3253 574 3302 4.
593 3245 638 3320 τό]
659 3265 712 3304 om.
733 3248 766 3302 V.
854 3252 895 3301 15.
915 3244 981 3320 δύο]
1002 3250 1020 3317 β
1037 3248 1064 3302 V
1082 3249 1100 3319 (⁸

106 3337 162 3389 mg.
182 3321 304 3388 tranat).
384 3318 564 3389 πυραμίδων]
584 3319 685 3374 iuras,
705 3337 741 3374 m.
763 3325 776 3373 1
797 3317 828 3372 Β.
912 3316 1020 3391 βάσεις]
1061 3315 1121 3383 ἀοις

104 3388 534 3531 ἀλωῖἓὶῗλιίιὲιῗίιλῖιίλς
549 3320 1120 3533 ιίῗίΜίίι’ίίῖιλῗίίιιῃίῖίῗάΨ

26 3678 44 3762 ί
