2340 3818
346 155 621 208 ELEMENTORUM
638 156 748 206 LIBER
765 157 812 210 XL
1066 154 1087 217 9

142 299 195 364 25.
224 295 335 364 (lubus
363 304 413 364 est
441 299 547 384 figura
575 297 680 363 solida
703 320 760 364 sex
782 299 949 382 quadratis
973 322 1086 384 aequa

70 407 160 470 libus
184 404 424 488 comprehensa.

141 512 194 576 26.
227 509 422 575 Oetaedrum
454 514 505 575 est
536 511 642 595 figura
676 509 781 574 solida
814 513 887 574 ooto
914 510 1089 595 triangulis

73 618 266 702 aequalibus
291 619 324 681 et
347 616 555 699 aequilateris
579 615 818 698 comprehensa.

143 724 196 787 27.
218 721 426 787 Icosa‘e‘drum
451 725 502 786 est
523 723 629 805 figura
653 721 756 786 solida
779 721 898 805 uiginti
916 721 1090 806 triangulis

73 830 265 914 aequalibus
289 831 322 891 et
346 827 552 910 aequilateris
576 827 816 909 comprehensa.

141 935 194 999 28.
216 932 461 1001 Dodeoaiidrum
486 937 535 998 est
557 933 662 1018 figura
688 932 794 998 solida
823 932 990 997 duodecim
1013 955 1090 1016 pen·
1146 963 1150 969 ·

28 1115 31 1121 ⁵
74 1040 209 1126 tagonis
228 1040 417 1123 aequalibus
436 1042 470 1103 et
488 1039 695 1123 aequilateris
715 1041 748 1103 et
765 1039 988 1124 aequiangulia
1008 1061 1092 1104 oom-

72 1147 246 1231 prehensa.

571 1267 597 1332 I.

147 1393 237 1458 Fieri
255 1415 323 1458 non
341 1395 466 1477 potest,
488 1394 526 1455 ut
543 1393 647 1455 restae
666 1391 769 1454 lineae
788 1413 864 1475 pars
883 1392 978 1457 sitin
995 1393 1092 1476 plano

75 1499 270 1578 subiacenti,
292 1521 369 1582 pars
394 1500 503 1562 autem
526 1497 558 1560 in
583 1497 767 1562 eleuatiore.

143 1602 229 1668 Nam
252 1605 280 1669 si
303 1605 374 1668 fieri
396 1606 519 1687 potest,
546 1607 654 1666 rectae
676 1603 780 1666 lineae
804 1606 907 1667 ΑΒΓ
926 1625 1002 1686 pars
1025 1607 1090 1668 AB

155 1714 186 1770 Γ
320 1709 363 1773 sit
390 1710 424 1772 in
447 1709 545 1792 plano
575 1707 771 1787 subiacenti,
799 1729 874 1790 pars
899 1712 1006 1773 autem
1030 1711 1096 1772 ΒΓ

224 1839 227 1843 ’
319 1815 351 1877 in
370 1814 558 1879 eleuatiore.

386 1920 447 1984 erit
474 1918 576 2003 igitur
603 1919 638 1982 in
665 1919 763 2003 plano
793 1917 976 1982 subiacenti
1003 1921 1092 1982 recta

319 2027 427 2111 aliqua
445 2028 568 2089 rectam
583 2027 648 2086 AB
667 2024 702 2086 in
718 2023 875 2088 directum
890 2024 1093 2088 continuans.

320 2133 364 2196 sit
381 2136 461 2196 ΒΔ.
497 2131 607 2212 itaque
630 2128 768 2192 duarum
791 2131 952 2194 rectarum
977 2131 1092 2211 ΑΒΓ,

318 2241 425 2301 ΑΒΔ
442 2257 518 2321 pars
538 2235 724 2300 eommunia·
741 2238 791 2299 est
809 2238 887 2318 AB;
913 2235 998 2319 quod
1021 2235 1093 2298 fieri

318 2365 384 2408 non
399 2345 521 2428 potest,
541 2342 630 2426 quia,
649 2341 677 2406 si
692 2345 801 2406 centro
816 2345 861 2423 Β,
878 2341 968 2405 radio
984 2344 1093 2405 autem

75 2452 142 2514 AB
171 2450 325 2515 circulum
353 2447 804 2538 descripserimussdiametri
824 2448 947 2529 [ABI]
971 2453 1003 2512 A
1011 2449 1091 2528 BA]

74 2555 264 2639 inaequales
289 2577 381 2620 araus
406 2555 519 2619 oirouli
542 2550 774 2639 abscindent.¹)

143 2661 234 2747 Ergo
260 2662 331 2725 fieri
353 2683 419 2725 non
442 2664 563 2745 potest,
586 2664 623 2725 ut
645 2664 752 2725 rectas
775 2660 878 2725 lineae
898 2682 973 2744 pars
994 2660 1037 2724 sit
1059 2660 1092 2723 in

151 2855 177 2923 1)
197 2853 252 2908 an
272 2852 387 2921 scilieet,
406 2851 455 2920 qui
472 2850 546 2906 inter
564 2854 670 2921 puncta
683 2857 714 2922 A,
734 2855 761 2906 Γ
777 2852 805 2906 et
818 2849 895 2906 inter
912 2858 943 2921 A,
964 2857 989 2905 A
1006 2850 1095 2921 positi

77 2925 150 2979 sunt.
188 2927 249 2978 tum
268 2923 317 2979 cfr.
336 2923 350 2975 I
368 2923 422 2978 def.
443 2927 484 2975 17.

78 3125 121 3174 19.
144 3119 286 3174 δοθεισῶν
306 3113 431 3172 εὐθειῶν
450 3117 548 3172 Theon
563 3117 699 3187 (BFVb).
755 3119 816 3187 AB]
831 3124 853 3172 Β
867 3119 897 3172 in
910 3135 964 3171 ras,
979 3136 1016 3173 m.
1033 3123 1046 3170 1
1063 3118 1093 3172 B.

128 3185 159 3261 ἡ]
174 3189 204 3244 in
214 3206 269 3244 ras.
280 3189 313 3257 V,
332 3185 364 3242 τό
379 3188 406 3242 b.
457 3193 499 3242 20.
511 3183 598 3260 ἐστιν]
608 3187 703 3245 om.V.
754 3185 951 3257 ἐπειδήπερ-
962 3194 1005 3241 22.
1016 3206 1093 3254 περι-

81 3261 212 3332 φερείας]
230 3259 253 3312 Ρ
272 3254 337 3329 (triv
355 3277 392 3312 m.
413 3264 426 3312 1
448 3274 482 3311 ex
500 3253 538 3312 ἄν
558 3261 650 3327 eorr,);
671 3255 773 3315 εὐθεῖα
792 3256 846 3329 γὰρ
861 3256 964 3334 εὐθείᾳ
979 3252 1013 3312 οὐ
1028 3275 1095 3328 σομ-

78 3327 176 3403 putta
190 3325 263 3386 κατὰ
277 3331 395 3384 πλείονα
415 3334 516 3398 σημεῖα
534 3323 552 3396 ἢ
572 3325 643 3384 καθ’
666 3328 710 3383 ἓν·
730 3327 758 3383 εἰ
770 3327 801 3383 δὲ
817 3329 864 3399 μή,
884 3324 1093 3399 ἐφαρμόσουσιν

80 3397 214 3469 ἀλλήλαις
228 3397 261 3455 αἱ
274 3395 387 3455 εὐθεῖαι
402 3399 518 3454 Theon?
533 3399 676 3469 (Buvbu
694 3400 773 3456 idern
783 3416 849 3490 inqq
857 3400 1004 3454 insessi
1015 3397 1113 3460 „aba

78 3466 168 3534 οὕτως
188 3467 220 3526 ἐν
238 3468 332 3534 ἄλλοις
348 3465 480 3544 εὕρηται,
500 3467 602 3530 ἔπειτα
621 3469 667 3530 ab·
691 3467 818 3536 abbatas
837 3490 899 3542 aaa
916 3469 1067 3537 abablio·
