2340 3818
103 153 168 218 310
466 155 669 208 ΣΤΟΙΧΕΙΩΝ
690 148 740 224 ιγ’.

103 295 140 364 δὲ
159 293 180 382 ἡ
199 302 285 379 ΦΨ,
308 295 365 363 καὶ
384 291 472 383 ὀρθή
492 296 583 364 ἐστιν
601 293 623 382 ἡ
641 292 709 364 ὑπὸ
723 300 840 363 ΛΦΨ
855 299 981 382 γωνία,
1003 318 1116 363 πεντα-

101 400 216 488 γώνου
243 399 309 489 ἄρα
336 403 428 471 ἐστὶν
455 400 476 487 ἡ
502 408 588 470 ΛΨ.
638 399 694 469 διὰ
721 399 762 469 τὰ
790 397 876 469 αὐτὰ
904 401 951 488 δὴ.
971 399 1032 470 ἐὰν
1055 403 1117 470 ἐπι·

103 507 266 595 ζεώξωμεν
288 506 351 594 τὴν
373 516 452 577 ΜΦ
475 499 582 577 οὖσαν
605 505 786 593 ἑξαγώνου,
816 506 999 594 συνάγεται
1020 505 1116 595 καὶὴ

103 621 189 681 ΜΨ
213 613 440 700 πενταγώνου.
489 619 559 682 ἔστι
588 613 625 682 δὲ
657 613 714 681 καὶ
741 611 762 700 ἡ
788 621 868 682 ΛΜ
888 613 1116 701 πενταγώνου·

67 738 83 786 ο
103 719 305 807 ἰσόπλευρον
327 717 394 805 άρα
417 720 487 788 ἐστὶ
508 718 547 787 τὸ
572 724 696 786 ΛΜΨ
712 723 889 807 τρίγωνον.
929 717 1056 807 ὁμοίως
1078 718 1115 806 δὴ

102 825 330 914 δειχθήσεται,
358 823 410 892 ὅτι
437 825 493 892 καὶ
521 827 756 894 ἕκαστοντῶν
783 830 911 894 λοιπών
933 825 1116 914 τριγώνων,

102 923 150 1000 ών
173 932 288 1019 βάσεις
309 932 370 1019 μέν
393 936 480 999 εἰσιν
503 934 541 998 αἰ
557 937 651 1016 ΜΝ,
674 933 758 1018 ΝΞ,
781 934 961 1019 :zm-011,
984 931 1115 1021 κορυφὴ

102 1037 140 1106 δὲ
161 1038 199 1106 τὸ
227 1046 266 1106 Ψ
285 1051 436 1124 σημεῖον,
459 1035 662 1124 ἰσόπλευρόν
686 1038 786 1119 ἐστιν.
831 1040 1033 1107 συνέσταται
1055 1038 1116 1127 άρα

101 1143 317 1229 εἰκοσάεδρον
348 1141 414 1212 ὑπὸ
447 1152 552 1213 εἰκοσι
582 1142 758 1231 τριγώνων
790 1144 1002 1232 ἰσοπλεύρων
1031 1168 1115 1233 περί

51 1269 83 1318 10
102 1249 273 1336 εχόμενον.
933 1246 940 1271 ”

169 1364 235 1424 Δεῖ
261 1354 303 1442 δὴ
331 1353 413 1425 αὐτὸ
440 1355 497 1424 καί
525 1360 653 1446 σφαίρᾳ
679 1361 872 1443 περιλαβεῖν
903 1360 945 1445 τῇ
973 1359 1113 1445 δοθείσῃ

101 1461 156 1528 καί
175 1463 291 1547 δείξαι,
315 1459 367 1531 ὅτι
384 1459 406 1548 ἡ
425 1466 487 1530 τοῦ
506 1463 724 1549 εἰκοσαέδρου
741 1461 869 1550 πλευρὰ
886 1460 1012 1549 ἄλογός
1026 1464 1114 1531 ἐστιν

101 1565 122 1653 ἡ
145 1567 333 1655 καλουμένη
358 1566 519 1636 ἐλάσσων.

165 1671 254 1743 Ἐπεί
277 1673 341 1761 γὰρ
365 1673 545 1760 ἑξαγώνου
558 1675 650 1743 ἐστίν
673 1671 695 1761 ἡ
717 1681 798 1760 ΦΧ,
821 1673 1017 1761 δεκαγώνου
1041 1675 1116 1763 δδὴ

50 1797 82 1847 15
102 1787 184 1867 ΧΩ,
216 1779 238 1867 ἡ
269 1787 339 1866 ΦζΩ
371 1779 436 1868 άρα
468 1778 574 1866 άκρον
605 1781 663 1848 καὶ
694 1781 797 1867 μέσον
829 1779 933 1867 λόγον
961 1782 1144 1877 τέτμηται,

101 1885 244 1955 κατὰτὸ
268 1895 312 1972 Χ,
339 1887 395 1954 καί
417 1884 456 1953 τὸ
479 1892 592 1972 μεῖζον
616 1884 719 1972 αὐτῆς
740 1886 851 1973 τμῆμά
876 1885 1011 1974 ἐστινὴ
1039 1895 1117 1956 ΦΧ·

102 1999 192 2061 ἔστιν
224 1991 291 2081 άρα
323 1990 368 2072 ώς
396 1990 418 2078 ἡ
445 1998 518 2060 ΩΦ
544 1990 628 2076 πρὸς
654 1990 717 2078 τὴν
748 1998 832 2079 ΦΧ,
865 1991 971 2073 οὕτως
998 1992 1020 2079 ἡ
1052 2001 1121 2062 ΦΧ

100 2125 184 2187 προς
206 2097 268 2186 τὴν
291 2104 367 2166 ΧΩ.
413 2105 469 2183 ἴση
493 2097 531 2166 δὲ
553 2095 574 2183 ἡ
598 2097 660 2184 μὲν
686 2105 758 2166 ΦΧ
775 2102 815 2188 τῇ
842 2106 923 2185 ΦΕ,
945 2096 967 2185 ἡ
992 2098 1031 2167 δὲ
1050 2107 1118 2167 ΧΩ

101 2209 140 2291 τῇ
168 2211 254 2271 ΦΨ·
283 2209 374 2271 ἔστιν
401 2201 467 2288 άρα
490 2200 535 2283 ώς
561 2201 583 2289 ἡ
606 2210 679 2271 ΩΦ
705 2202 788 2289 πρὸς
813 2203 877 2290 τὴν
903 2210 983 2290 ΦΕ,
1013 2203 1120 2286 οὕτως

49 2327 84 2376 20
102 2308 123 2395 ἡ
144 2315 213 2376 ΕΦ
235 2308 317 2394 πρὸς
339 2308 402 2393 τὴν
424 2315 508 2377 ΦΨ.
543 2314 603 2377 καί
623 2313 708 2377 εἰσιν
732 2308 835 2396 ὀρθαί
858 2312 896 2377 αἰ
915 2307 980 2378 ὑπὸ
1001 2318 1120 2396 ΩΦΕ,

102 2422 218 2484 ΕΦΨ
237 2419 370 2501 γωνίαι·
395 2413 453 2483 ἐὰν
476 2414 544 2502 άρα
568 2414 785 2503 ἐπιζεύξωμεν
803 2412 866 2501 τὴν
879 2421 948 2484 ΕΩ
966 2415 1119 2502 εὐθεῖαν,

102 2519 191 2618 ὀρθὴ
224 2525 314 2588 ἔσται
346 2518 367 2605 ἡ
395 2517 461 2589 ὑπὸ
493 2528 599 2589 ΨΕΩ
625 2527 732 2606 γωνία
762 2521 818 2589 διὰ
846 2520 908 2609 τὴν
937 2519 1120 2611 ὁμοιότητα

101 2631 169 2696 τών
203 2633 324 2711 ΨΕΩ,
354 2633 459 2695 ΦΕΩ
487 2627 670 2713 τριγώνων.
721 2626 777 2695 διὰ
803 2627 845 2695 τὰ
872 2625 958 2696 αὐτὰ
981 2627 1024 2715 δὴ
1049 2632 1124 2699 ἐπεί

102 2736 192 2801 ἐστιν
220 2731 265 2812 ώς
291 2729 313 2818 ἡ
342 2738 414 2799 ΩΦ
439 2730 524 2819 πρὸς
550 2730 611 2818 τὴν
642 2739 725 2817 ΦΧ,
754 2733 861 2812 οὕτως
888 2732 908 2820 ἡ
940 2741 1011 2802 ΦΧ
1035 2735 1120 2822 πρὸς

49 2857 83 2906 25
101 2837 163 2924 τὴν
187 2844 269 2923 ΧΩ,
299 2846 353 2925 ἰση
383 2838 421 2906 δὲ
448 2836 469 2924 ἡ
493 2837 554 2925 μὲν
582 2845 654 2906 ΩΦ
680 2842 720 2926 τῇ
753 2846 837 2925 ΨΧ,
866 2836 887 2925 ἡ
916 2839 955 2908 δδ
984 2848 1052 2909 ΦΧ
1080 2853 1119 2932 τῇ

103 2952 186 3029 ΧΠ,
215 2950 304 3012 ἔστιν
333 2942 399 3031 άρα
427 2942 472 3023 ώς
499 2941 519 3029 ἡ
550 2950 621 3011 ΨΧ
644 2942 728 3032 πρὸς
755 2944 818 3030 τὴν
848 2952 932 3032 ΧΠ,
961 2947 1071 3028 οὕτως
1099 2947 1119 3035 ἡ

104 3058 174 3117 ΠΧ
200 3047 283 3137 πρὸς
309 3046 371 3135 τὴν
399 3056 476 3117 ΧΩ.
524 3049 580 3116 καί
608 3047 665 3117 διὰ
697 3061 798 3119 τοῦτο
830 3049 933 3120 πάλιν
962 3051 1022 3120 ἐὰν
1049 3056 1120 3122 ἐπι-

104 3154 265 3243 ζεύξωμεν
288 3153 350 3242 τὴν
373 3162 467 3240 ΠΨ,
491 3151 580 3242 ὀρθὴ
605 3160 696 3223 ἔσται
719 3153 740 3242 ἡ
764 3157 848 3245 πρὸς
870 3161 916 3248 τῷ
940 3165 974 3225 Π
997 3165 1122 3244 γωνία·

174 3409 199 3459 3.
220 3406 285 3456 ΦΜ
299 3402 329 3456 Ρ.
403 3406 426 3454 4.
449 3406 518 3456 ΨΜ
532 3404 563 3459 Ρ.
636 3400 787 3459 λ’στινΡΒ.
860 3401 891 3477 ἡ]
911 3421 995 3474 supra
1014 3423 1121 3464 seam.

95 3474 158 3530 1b.
245 3479 269 3532 5.
291 3468 367 3547 ἐστί]
389 3488 443 3531 om.
461 3473 497 3546 V,
517 3470 591 3530 ἐστίν
609 3474 642 3529 P.
721 3477 816 3530 ΨΑΜ
829 3475 862 3531 Ρ.
940 3473 989 3547 δή]
1009 3494 1065 3535 om.
1086 3479 1122 3536 V.
