2340 3818
103 163 169 228 334
476 164 679 217 Συουεειαω
697 158 747 232 ιγ.

171 306 240 374 Καὶ
264 307 333 374 ἐπεὶ
356 304 377 393 ἡ
401 309 459 392 τῆς
482 312 627 393 σφαίρας
642 302 818 393 διάμετρος
833 304 971 390 έδείχδη
985 305 1044 387 τῆς
1059 299 1112 388 μὲν

104 421 169 480 AZ
191 417 337 503 πλευράς
363 417 422 500 τῆς
444 416 633 501 πυραμίδος
656 410 798 498 δυνάμει
821 407 977 496 ἡμιολία,
1006 411 1062 494 τῆς
1082 407 1114 474 δὲ

103 527 164 589 τοῦ
189 519 372 610 ὀκταέδρου
390 531 450 607 τῆς
463 527 528 588 ΒΕ
545 519 688 606 δυνάμει
707 522 906 602 διπλασίων,
928 520 990 602 τῆς
1008 514 1045 583 δὲ
1061 518 1114 582 τοῦ

103 625 211 712 κύβου
234 631 292 714 τῆς
316 633 377 694 ΖΒ
402 625 543 713 δυνάμει
566 631 786 715 τριπλασίων,
815 626 899 691 οἵων
926 621 995 710 άρα
1022 618 1114 710 ἡτῆς

69 740 250 821 οσφαίρας
277 733 453 821 διάμετρος
480 731 622 819 δυνάμει
652 733 702 817 ἔξ,
734 728 898 798 τοιούτων
926 727 948 816 ἡ
979 728 1041 815 μὲν
1065 731 1116 814 τῆς

103 844 292 927 πυραμίδος
314 839 499 928 τεσσάρων,
521 837 542 925 ἡ
566 838 604 907 δὲ
623 845 685 907 τοῦ
704 835 888 923 ὀκταέδρου
906 839 1023 924 τριῶν,
1046 834 1116 922 ἡδέ

103 951 164 1013 τοῦ
196 947 304 1034 κύβου
337 947 409 1016 δύο.
458 943 479 1033 ἡ
508 945 569 1032 μέν
602 943 668 1032 άρα
695 947 754 1031 της
781 947 969 1033 πυραμίδος
997 940 1116 1027 πλευρὰ

104 1056 164 1137 τῆς
195 1051 256 1139 μέν
288 1056 349 1120 τοῦ
383 1051 566 1140 ὀκταέδρου
593 1055 737 1139 πλευράς
766 1052 907 1137 δυνάμει
935 1051 1029 1118 έστλν
1057 1051 1117 1118 ἐπί

104 1182 228 1245 τριτος,
256 1161 314 1245 τῆς
342 1158 380 1226 δὲ
405 1163 467 1227 τοῦ
493 1156 601 1243 κύβου
630 1156 772 1244 δυνάμει
799 1161 916 1243 διπλῆ,
946 1153 969 1242 ἡ
998 1154 1037 1223 δὲ
1063 1159 1118 1225 τοῦ
1160 1140 1164 1233 λ

54 1284 86 1333 10
106 1263 347 1353 ὀκταέδρου
307 1292 366 1352 της
384 1277 446 1334 τοῦ
464 1264 572 1350 κύβου
592 1263 734 1351 δυνάμει
752 1261 898 1350 ἡμιολία.
923 1265 962 1331 αλ
978 1254 1099 1350 μέν
1061 1288 1117 1331 ουν
1160 1264 1164 1389 i

104 1372 334 1458 εἰρημέναι
289 1399 357 1440 των
370 1375 474 1457 τριῶν
490 1370 668 1457 σχημάτων
682 1375 838 1459 πλευραί,
857 1371 943 1456 λέγω
960 1369 1002 1457 δὴ
1022 1393 1164 1457 πυρα·

104 1481 201 1564 μίδος
227 1477 283 1545 καλ
312 1475 496 1563 ὀκταέδρου
522 1477 578 1545 καὶ
606 1475 728 1563 κύβου,
756 1475 839 1564 πρὸς
866 1472 1070 1562 άλλήλαςί
1039 1476 1164 1544 εί“σλν
1162 1526 1164 1531 -

104 1586 140 1652 έν
168 1577 282 1671 λόγοις
309 1587 429 1672 ῥητοῖς
481 1586 518 1651 αλ
544 1584 582 1652 δὲ
609 1584 724 1651 λοιπαὶ
748 1582 827 1668 δάο,
855 1583 942 1670 λέγω
972 1579 1069 1668 δίχ’
1046 1609 1119 1669 ητε
1162 1570 1164 1577 ’

103 1695 163 1758 τοῦ
194 1692 411 1777 είκοσαέδρου
437 1688 538 1759 καλ
520 1719 541 1777 η
570 1716 632 1758 του
660 1691 909 1777 δωδεκαέδρου,
937 1687 1018 1758 οὔτε
1040 1689 1121 1777 πρὸς

53 1815 84 1864 15
104 1788 249 1883 άλλήλας
277 1796 353 1865 οὔτε
380 1796 464 1880 πρὸς
490 1795 548 1877 τάς
574 1798 816 1885 προειρημένας
839 1795 926 1864 είσὶυ
949 1796 987 1863 έν
1010 1793 1121 1882 λόγοις

104 1906 229 1989 ῥητοῖς·
254 1901 371 1989 άλογοι
386 1902 451 1989 γάρ
466 1907 564 1990 είσιν,
583 1901 604 1988 ἡ
620 1902 682 1990 μέν
697 1901 853 1986 ἐλάττων,
871 1899 892 1988 ἡ
908 1901 946 1969 δὲ
961 1899 1121 1989 ἀποτομή.

162 2007 232 2077 Ὅτι
251 2014 370 2096 μείζων
390 2010 480 2078 ἐστὶν
499 2007 519 2096 ἡ
539 2014 600 2078 τοῦ
620 2011 838 2098 είκοσαέδρου
856 2007 984 2095 πλευρά
1009 2006 1032 2095 ἡ
1053 2015 1122 2076 ΜΒ

103 2121 162 2201 τῆς
184 2121 244 2184 τοῦ
269 2118 503 2211 δωδεκαέδρου
525 2121 584 2204 τῆς
606 2123 690 2202 ΝΒ,
714 2119 873 2202 δείξομεν
891 2113 1006 2195 οὕτως.

168 2219 255 2289 Ἐπεὶ
284 2222 348 2310 γάρ
377 2222 560 2309 ίσογαλνιόν
588 2225 657 2291 ἐστι
684 2223 722 2290 τὸ
752 2230 815 2289 ΖΔ
822 2230 850 2289 Β
878 2226 1050 2308 τρίγωνον
1080 2226 1122 2315 τῷ

51 2346 85 2395 20
106 2334 199 2394 ΖΑΒ
227 2328 378 2420 τριγώνῳ
387 2380 397 2415 ,
425 2326 598 2416 άνάλογόν
626 2333 716 2398 ἐστιν
744 2326 790 2408 ὥς
816 2326 837 2413 ἡ
863 2335 929 2396 ΛΒ
951 2326 1041 2416 πρδς
1064 2327 1123 2415 τὴν

104 2440 182 2518 ΒΖ,
203 2430 308 2513 οὕτως
327 2431 346 2519 ἡ
362 2441 426 2500 ΒΖ
444 2438 528 2524 πρὸς
546 2434 609 2522 τὴν
623 2444 695 2504 ΒΑ.
722 2435 778 2502 καὶ
798 2434 867 2503 έπελ
886 2447 975 2522 τρεῖς
990 2433 1123 2503 εὐθεῖαι

104 2538 275 2624 άυάλογόν
302 2544 403 2627 έίσιν,
434 2546 524 2610 ἔστιν
553 2539 598 2621 ὡς
620 2539 641 2628 ἡ
665 2541 779 2628 πρώτη
802 2539 886 2628 πρὸς
908 2540 972 2627 τὴν
994 2547 1124 2629 τρίτην,

105 2646 211 2726 οὕτως
232 2644 270 2714 τδ
294 2644 359 2715 άπὸ
384 2652 442 2733 τῆς
464 2647 596 2735 πρώτης
618 2647 702 2735 πρὸς
724 2646 762 2715 τδ
786 2645 852 2715 άπὸ
871 2651 931 2733 τῆς
949 2649 1124 2737 δευτέρας·

105 2758 195 2820 ἔστιν
219 2752 284 2842 άρα
308 2751 353 2834 ὡς
375 2751 396 2841 ἡ
419 2762 485 2822 ΔΒ
508 2752 592 2843 πρὸς
613 2751 675 2840 τὴν
695 2762 771 2838 ΒΑ,
797 2751 902 2833 οὕτως
919 2751 958 2821 τὸ
977 2750 1125 2841 άπδτῆς

53 2877 86 2926 ‘25
107 2866 172 2925 AB
200 2857 284 2944 πρὸς
310 2858 347 2927 τὸ
377 2857 442 2927 άπό
467 2864 525 2946 τῆς
547 2867 623 2927 ΒΖ·
652 2856 820 2927 άνάπαλιν
848 2857 915 2946 άρα
943 2856 988 2938 ὡς
1011 2857 1034 2946 ἡ
1060 2868 1124 2927 AB

104 2963 188 3054 πρδς
214 2964 277 3052 τὴν
300 2974 382 3053 ΒΔ,
412 2967 517 3047 οὕτως
544 2964 581 3034 τὸ
609 2965 675 3034 άπὸ
703 2977 761 3052 τῆς
790 2973 851 3033 ΖΒ
879 2964 962 3055 πρὸς
988 2963 1028 3034 τὸ
1059 2965 1124 3036 άπὸ

178 3219 200 3268 1.
219 3213 292 3270 Ante
312 3211 430 3285 ἐδείχθη
450 3216 504 3271 del.
525 3215 586 3270 εΡ.
659 3221 721 3282 4.η
707 3210 810 3342 ηΙχοω.
829 3215 860 3269 P.
933 3220 958 3269 6.
978 3216 1125 3298 τεσσάρων

104 3287 205 3354 τῶνη
297 3291 320 3339 7.
341 3288 405 3358 μέν]
427 3304 496 3343 corr
516 3303 549 3340 ex
569 3306 602 3357 με
622 3305 658 3340 m.
680 3292 693 3340 1

106 3363 147 3411 10
167 3357 226 3444 τῆς]
246 3373 300 3411 om.
319 3375 346 3426 q
429 3364 470 3414 11
469 3356 621 3444 πλευραί]
641 3375 695 3412 om.
715 3376 741 3427 q.
821 3362 862 3411 13
882 3357 925 3427 τε]
946 3374 1000 3411 om.
1020 3356 1052 3412 P.

105 3434 147 3482 14.
166 3424 207 3557 χχ
218 3446 271 3483 om
292 3446 318 3497 q.
384 3434 424 3483 15.
443 3425 495 3492 τάς
512 3430 593 3500 προ]
614 3446 667 3483 om
688 3446 713 3497 q.
784 3434 825 3482 16.
845 3423 944 3498 άλογοι
963 3423 1017 3497 γάρ
1039 3428 1113 3484 εἰσιν

97 3515 150 3556 om
288 3496 368 3559 17.
353 3522 396 3558 οτι
417 3497 448 3557 δέ
467 3500 532 3558 BV
607 3500 856 3570 ΜΒΧΜεοοτε
873 3499 906 3552 V
984 3504 1027 3554 18
1053 3504 1108 3557 ΝΒ

834 3286 1043 3356 θωδωο
