<?xml version="1.0" encoding="UTF-8"?>
<!DOCTYPE html PUBLIC "-//W3C//DTD XHTML 1.0 Transitional//EN"
    "http://www.w3.org/TR/xhtml1/DTD/xhtml1-transitional.dtd">
<html xmlns="http://www.w3.org/1999/xhtml" xml:lang="en" lang="en">
 <head>
  <title>
</title>
<meta http-equiv="Content-Type" content="text/html;charset=utf-8" />
  <meta name='ocr-system' content='tesseract 3.04.00' />
  <meta name='ocr-capabilities' content='ocr_page ocr_carea ocr_par ocr_line ocrx_word'/>
</head>
<body>
  <div class='ocr_page' id='page_1' title='image "./euclidisoperaom04unkngoog_0434.png"; bbox 0 0 2340 3818; ppageno 0'>
   <div class='ocr_carea' id='block_1_1' title="bbox 470 108 1093 172">
    <p class='ocr_par' dir='ltr' id='par_1_1' title="bbox 470 108 1093 172">
     <span class='ocr_line' id='line_1_1' title="bbox 470 108 1093 172; baseline 0.003 -13"><span class='ocrx_word' id='word_1_1' title='bbox 470 110 653 160; x_wconf 78' lang='lat' dir='ltr'><strong>APPENDIX</strong></span> <span class='ocrx_word' id='word_1_2' title='bbox 671 110 705 161; x_wconf 83' lang='lat' dir='ltr'><strong><em>IL</em></strong></span> <span class='ocrx_word' id='word_1_3' title='bbox 1029 108 1093 172; x_wconf 78' lang='grc'><strong><em>401</em></strong></span> 
     </span>
    </p>
   </div>
   <div class='ocr_carea' id='block_1_2' title="bbox 73 241 1121 2878">
    <p class='ocr_par' dir='ltr' id='par_1_2' title="bbox 75 241 1095 1070">
     <span class='ocr_line' id='line_1_2' title="bbox 81 241 1095 337; baseline 0.002 -22"><span class='ocrx_word' id='word_1_4' title='bbox 81 244 120 316; x_wconf 83' lang='grc' dir='ltr'><strong><em>τῦ</em></strong></span> <span class='ocrx_word' id='word_1_5' title='bbox 141 249 204 315; x_wconf 90' lang='grc' dir='ltr'><strong><em>τοῦ</em></strong></span> <span class='ocrx_word' id='word_1_6' title='bbox 226 254 354 315; x_wconf 83' lang='grc' dir='ltr'>ΖΘΡΟ</span> <span class='ocrx_word' id='word_1_7' title='bbox 376 252 512 335; x_wconf 80' lang='grc' dir='ltr'><strong><em>στερεοῦ</em></strong></span> <span class='ocrx_word' id='word_1_8' title='bbox 534 249 629 327; x_wconf 81' lang='grc' dir='ltr'><strong><em>ῦψο-ς.</em></strong></span> <span class='ocrx_word' id='word_1_9' title='bbox 671 241 720 317; x_wconf 86' lang='grc' dir='ltr'><strong><em>ών</em></strong></span> <span class='ocrx_word' id='word_1_10' title='bbox 745 249 783 317; x_wconf 72' lang='grc' dir='ltr'><strong><em>δὲ</em></strong></span> <span class='ocrx_word' id='word_1_11' title='bbox 806 255 950 337; x_wconf 78' lang='grc' dir='ltr'><strong><em>στερεῶν</em></strong></span> <span class='ocrx_word' id='word_1_12' title='bbox 972 257 1095 336; x_wconf 89' lang='grc' dir='ltr'><strong><em>παραλ-</em></strong></span> 
     </span>
     <span class='ocr_line' id='line_1_3' title="bbox 82 350 1094 441; baseline 0.003 -20"><span class='ocrx_word' id='word_1_13' title='bbox 82 354 309 439; x_wconf 76' lang='grc' dir='ltr'><strong><em>ληλεπιπέδων</em></strong></span> <span class='ocrx_word' id='word_1_14' title='bbox 338 350 627 423; x_wconf 72' lang='grc' dir='ltr'><strong><em>ἀντιπεπόνθασιν</em></strong></span> <span class='ocrx_word' id='word_1_15' title='bbox 660 359 698 422; x_wconf 87' lang='grc' dir='ltr'><strong><em>αί</em></strong></span> <span class='ocrx_word' id='word_1_16' title='bbox 724 354 837 439; x_wconf 79' lang='grc' dir='ltr'><strong><em>βάσεις</em></strong></span> <span class='ocrx_word' id='word_1_17' title='bbox 863 369 934 434; x_wconf 79' lang='grc' dir='ltr'><strong><em>τοῖς</em></strong></span> <span class='ocrx_word' id='word_1_18' title='bbox 960 354 1094 441; x_wconf 78' lang='grc' dir='ltr'><strong><em>ῦψεσιν,</em></strong></span> 
     </span>
     <span class='ocr_line' id='line_1_4' title="bbox 81 458 1094 548; baseline 0.003 -21"><span class='ocrx_word' id='word_1_19' title='bbox 81 467 136 529; x_wconf 87' lang='grc' dir='ltr'><strong><em>ίσα</em></strong></span> <span class='ocrx_word' id='word_1_20' title='bbox 159 461 251 529; x_wconf 75' lang='grc' dir='ltr'><strong><em>ἐστὶν</em></strong></span> <span class='ocrx_word' id='word_1_21' title='bbox 273 463 393 529; x_wconf 74' lang='grc' dir='ltr'><strong><em>ἐκεῖνα.</em></strong></span> <span class='ocrx_word' id='word_1_22' title='bbox 439 469 515 528; x_wconf 85' lang='grc' dir='ltr'><strong><em>ίσον</em></strong></span> <span class='ocrx_word' id='word_1_23' title='bbox 542 458 608 548; x_wconf 81' lang='grc' dir='ltr'><strong><em>ἄρα</em></strong></span> <span class='ocrx_word' id='word_1_24' title='bbox 632 461 701 529; x_wconf 80' lang='grc' dir='ltr'><strong><em>ἐστὶ</em></strong></span> <span class='ocrx_word' id='word_1_25' title='bbox 723 459 762 529; x_wconf 84' lang='grc' dir='ltr'><strong><em>τὸ</em></strong></span> <span class='ocrx_word' id='word_1_26' title='bbox 786 467 935 528; x_wconf 88' lang='grc' dir='ltr'><em>ΒΔΜΛ</em></span> <span class='ocrx_word' id='word_1_27' title='bbox 958 461 1094 546; x_wconf 86' lang='grc' dir='ltr'><strong><em>στερεὸν</em></strong></span> 
     </span>
     <span class='ocr_line' id='line_1_5' title="bbox 78 565 1094 658; baseline 0 -24"><span class='ocrx_word' id='word_1_28' title='bbox 78 570 123 656; x_wconf 76' lang='grc' dir='ltr'><strong><em>τῷ</em></strong></span> <span class='ocrx_word' id='word_1_29' title='bbox 142 573 273 635; x_wconf 84' lang='grc' dir='ltr'>ΖΘΡΟ</span> <span class='ocrx_word' id='word_1_30' title='bbox 294 577 427 658; x_wconf 75' lang='grc' dir='ltr'><strong><em>στερεῷ.</em></strong></span> <span class='ocrx_word' id='word_1_31' title='bbox 463 573 522 634; x_wconf 85' lang='grc' dir='ltr'><strong><em>καί</em></strong></span> <span class='ocrx_word' id='word_1_32' title='bbox 542 570 611 634; x_wconf 79' lang='grc' dir='ltr'><strong><em>ἐστι</em></strong></span> <span class='ocrx_word' id='word_1_33' title='bbox 629 571 690 635; x_wconf 92' lang='grc' dir='ltr'><strong><em>τοῦ</em></strong></span> <span class='ocrx_word' id='word_1_34' title='bbox 709 565 771 654; x_wconf 73' lang='grc' dir='ltr'><strong><em>μὲν</em></strong></span> <span class='ocrx_word' id='word_1_35' title='bbox 790 574 939 635; x_wconf 88' lang='grc' dir='ltr'><em>ΒΔΜΑ</em></span> <span class='ocrx_word' id='word_1_36' title='bbox 958 572 1094 652; x_wconf 85' lang='grc' dir='ltr'><strong><em>στερεοῦ</em></strong></span> 
     </span>
     <span class='ocr_line' id='line_1_6' title="bbox 77 669 1094 760; baseline -0.002 -18"><span class='ocrx_word' id='word_1_37' title='bbox 77 674 173 742; x_wconf 75' lang='grc' dir='ltr'><strong><em>ἕκτον</em></strong></span> <span class='ocrx_word' id='word_1_38' title='bbox 191 673 292 760; x_wconf 82' lang='grc' dir='ltr'><strong><em>μέρος</em></strong></span> <span class='ocrx_word' id='word_1_39' title='bbox 309 669 495 758; x_wconf 75' lang='grc' dir='ltr'>ἡΕΖΗΘ,</span> <span class='ocrx_word' id='word_1_40' title='bbox 509 677 642 739; x_wconf 90' lang='grc' dir='ltr'><em>ΑΒΓΔ</em></span> <span class='ocrx_word' id='word_1_41' title='bbox 659 678 818 760; x_wconf 87' lang='grc' dir='ltr'><strong><em>πυραμίς,</em></strong></span> <span class='ocrx_word' id='word_1_42' title='bbox 837 677 898 740; x_wconf 91' lang='grc' dir='ltr'><strong><em>τοῦ</em></strong></span> <span class='ocrx_word' id='word_1_43' title='bbox 913 672 951 740; x_wconf 73' lang='grc' dir='ltr'><strong><em>δὲ</em></strong></span> <span class='ocrx_word' id='word_1_44' title='bbox 965 679 1094 740; x_wconf 87' lang='grc' dir='ltr'>ΖΘΡΟ</span> 
     </span>
     <span class='ocr_line' id='line_1_7' title="bbox 76 775 1093 865; baseline -0.003 -18"><span class='ocrx_word' id='word_1_45' title='bbox 76 782 216 865; x_wconf 82' lang='grc' dir='ltr'><strong><em>στερεοῦ</em></strong></span> <span class='ocrx_word' id='word_1_46' title='bbox 248 780 345 846; x_wconf 77' lang='grc' dir='ltr'><strong><em>ἕκτον</em></strong></span> <span class='ocrx_word' id='word_1_47' title='bbox 381 779 481 865; x_wconf 76' lang='grc' dir='ltr'><strong><em>μέρος</em></strong></span> <span class='ocrx_word' id='word_1_48' title='bbox 512 775 533 864; x_wconf 78' lang='grc' dir='ltr'>ἡ</span> <span class='ocrx_word' id='word_1_49' title='bbox 561 785 697 846; x_wconf 90' lang='grc' dir='ltr'>ΕΖΗΘ</span> <span class='ocrx_word' id='word_1_50' title='bbox 727 786 885 865; x_wconf 88' lang='grc' dir='ltr'><strong><em>πυραμίς.</em></strong></span> <span class='ocrx_word' id='word_1_51' title='bbox 941 787 996 864; x_wconf 87' lang='grc' dir='ltr'><strong><em>ίση</em></strong></span> <span class='ocrx_word' id='word_1_52' title='bbox 1027 775 1093 863; x_wconf 84' lang='grc' dir='ltr'><strong><em>άρα</em></strong></span> 
     </span>
     <span class='ocr_line' id='line_1_8' title="bbox 75 881 1092 973; baseline -0.001 -20"><span class='ocrx_word' id='word_1_53' title='bbox 75 886 168 953; x_wconf 76' lang='grc' dir='ltr'><strong><em>ἐστίν</em></strong></span> <span class='ocrx_word' id='word_1_54' title='bbox 194 881 216 971; x_wconf 82' lang='grc' dir='ltr'><em>ἡ</em></span> <span class='ocrx_word' id='word_1_55' title='bbox 240 890 374 952; x_wconf 88' lang='grc' dir='ltr'><em>ΑΒΓΔ</em></span> <span class='ocrx_word' id='word_1_56' title='bbox 400 884 545 972; x_wconf 81' lang='grc' dir='ltr'><strong><em>πυραμὶς</em></strong></span> <span class='ocrx_word' id='word_1_57' title='bbox 571 888 610 973; x_wconf 80' lang='grc' dir='ltr'><strong><em>τῇ</em></strong></span> <span class='ocrx_word' id='word_1_58' title='bbox 634 892 762 953; x_wconf 83' lang='grc' dir='ltr'>ΕΖΗΘ</span> <span class='ocrx_word' id='word_1_59' title='bbox 789 889 960 972; x_wconf 76' lang='grc' dir='ltr'><strong><em>πυραμίδι.</em></strong></span> <span class='ocrx_word' id='word_1_60' title='bbox 1011 882 1092 972; x_wconf 81' lang='grc' dir='ltr'><strong><em>ὅπερ</em></strong></span> 
     </span>
     <span class='ocr_line' id='line_1_9' title="bbox 76 990 285 1070; baseline 0.01 -12"><span class='ocrx_word' id='word_1_61' title='bbox 76 993 147 1058; x_wconf 80' lang='grc' dir='ltr'><strong><em>ἔδει</em></strong></span> <span class='ocrx_word' id='word_1_62' title='bbox 170 990 285 1070; x_wconf 79' lang='grc' dir='ltr'><strong><em>δεῖξαι.</em></strong></span> 
     </span>
    </p>

    <p class='ocr_par' dir='ltr' id='par_1_3' title="bbox 73 1200 1121 1502">
     <span class='ocr_line' id='line_1_10' title="bbox 143 1200 1121 1289; baseline 0.002 -20"><span class='ocrx_word' id='word_1_63' title='bbox 143 1205 192 1269; x_wconf 74' lang='lat' dir='ltr'><strong><em>Ac</em></strong></span> <span class='ocrx_word' id='word_1_64' title='bbox 213 1200 326 1287; x_wconf 82' lang='grc' dir='ltr'><strong><em>ὅμοιαι</em></strong></span> <span class='ocrx_word' id='word_1_65' title='bbox 346 1205 529 1289; x_wconf 78' lang='grc' dir='ltr'><strong><em>πυραμίδες</em></strong></span> <span class='ocrx_word' id='word_1_66' title='bbox 546 1202 602 1268; x_wconf 82' lang='grc' dir='ltr'><strong><em>καὶ</em></strong></span> <span class='ocrx_word' id='word_1_67' title='bbox 620 1202 806 1288; x_wconf 72' lang='grc' dir='ltr'><strong><em>τριγώνους</em></strong></span> <span class='ocrx_word' id='word_1_68' title='bbox 824 1207 959 1289; x_wconf 79' lang='grc' dir='ltr'><strong><em>ἔχουσαι</em></strong></span> <span class='ocrx_word' id='word_1_69' title='bbox 979 1201 1093 1286; x_wconf 81' lang='grc' dir='ltr'><strong><em>βάσεις</em></strong></span> <span class='ocrx_word' id='word_1_70' title='bbox 1111 1221 1121 1271; x_wconf 79' lang='grc' dir='ltr'>ε</span> 
     </span>
     <span class='ocr_line' id='line_1_11' title="bbox 74 1304 1092 1398; baseline -0.002 -23"><span class='ocrx_word' id='word_1_71' title='bbox 74 1307 162 1394; x_wconf 85' lang='grc' dir='ltr'><strong><em>πρὸς</em></strong></span> <span class='ocrx_word' id='word_1_72' title='bbox 180 1304 327 1394; x_wconf 82' lang='grc' dir='ltr'><strong><em>άλλήλας</em></strong></span> <span class='ocrx_word' id='word_1_73' title='bbox 350 1310 387 1375; x_wconf 82' lang='grc' dir='ltr'><strong><em>ἐν</em></strong></span> <span class='ocrx_word' id='word_1_74' title='bbox 405 1313 616 1395; x_wconf 88' lang='grc' dir='ltr'><strong><em>τριπλασίονι</em></strong></span> <span class='ocrx_word' id='word_1_75' title='bbox 635 1307 724 1398; x_wconf 78' lang='grc' dir='ltr'><strong><em>λόγῳ</em></strong></span> <span class='ocrx_word' id='word_1_76' title='bbox 745 1307 810 1375; x_wconf 83' lang='grc' dir='ltr'><strong><em>είσί</em></strong></span> <span class='ocrx_word' id='word_1_77' title='bbox 829 1312 897 1376; x_wconf 86' lang='grc' dir='ltr'><strong><em>τών</em></strong></span> <span class='ocrx_word' id='word_1_78' title='bbox 916 1305 1092 1394; x_wconf 82' lang='grc' dir='ltr'><strong><em>ὁμολόγων</em></strong></span> 
     </span>
     <span class='ocr_line' id='line_1_12' title="bbox 73 1418 241 1502; baseline -0.012 -20"><span class='ocrx_word' id='word_1_79' title='bbox 73 1418 241 1502; x_wconf 79' lang='grc' dir='ltr'><strong><em>πλευράν.</em></strong></span> 
     </span>
    </p>

    <p class='ocr_par' dir='ltr' id='par_1_4' title="bbox 74 1517 1094 2453">
     <span class='ocr_line' id='line_1_13' title="bbox 143 1517 1091 1607; baseline -0.001 -20"><span class='ocrx_word' id='word_1_80' title='bbox 143 1525 292 1588; x_wconf 82' lang='grc' dir='ltr'><strong><em>ἔστωσαν</em></strong></span> <span class='ocrx_word' id='word_1_81' title='bbox 321 1517 436 1605; x_wconf 81' lang='grc' dir='ltr'><strong><em>ὅμοιαι</em></strong></span> <span class='ocrx_word' id='word_1_82' title='bbox 464 1524 648 1606; x_wconf 77' lang='grc' dir='ltr'><strong><em>πυραμίδες</em></strong></span> <span class='ocrx_word' id='word_1_83' title='bbox 669 1520 726 1586; x_wconf 83' lang='grc' dir='ltr'><strong><em>καὶ</em></strong></span> <span class='ocrx_word' id='word_1_84' title='bbox 748 1519 934 1605; x_wconf 80' lang='grc' dir='ltr'><strong><em>τριγώνους</em></strong></span> <span class='ocrx_word' id='word_1_85' title='bbox 957 1526 1091 1607; x_wconf 81' lang='grc' dir='ltr'><strong><em>ἔχουσαι</em></strong></span> 
     </span>
     <span class='ocr_line' id='line_1_14' title="bbox 78 1623 1094 1713; baseline -0.001 -20"><span class='ocrx_word' id='word_1_86' title='bbox 78 1625 194 1713; x_wconf 88' lang='grc' dir='ltr'><strong><em>βάσεις</em></strong></span> <span class='ocrx_word' id='word_1_87' title='bbox 215 1625 275 1705; x_wconf 84' lang='grc' dir='ltr'><strong><em>τὰς</em></strong></span> <span class='ocrx_word' id='word_1_88' title='bbox 293 1631 403 1711; x_wconf 88' lang='grc' dir='ltr'><em>ΑΒΓ,</em></span> <span class='ocrx_word' id='word_1_89' title='bbox 426 1632 533 1693; x_wconf 86' lang='grc' dir='ltr'><strong><em>ΕΖΗ</em></strong></span> <span class='ocrx_word' id='word_1_90' title='bbox 547 1630 585 1693; x_wconf 86' lang='grc' dir='ltr'><strong><em>αί</em></strong></span> <span class='ocrx_word' id='word_1_91' title='bbox 597 1632 745 1709; x_wconf 86' lang='grc' dir='ltr'><em>ΑΒΓΔ,</em></span> <span class='ocrx_word' id='word_1_92' title='bbox 769 1632 919 1709; x_wconf 94' lang='grc' dir='ltr'>ΕΖΗΘ,</span> <span class='ocrx_word' id='word_1_93' title='bbox 942 1623 1094 1712; x_wconf 83' lang='grc' dir='ltr'><strong><em>κορυφάς</em></strong></span> 
     </span>
     <span class='ocr_line' id='line_1_15' title="bbox 77 1728 1094 1819; baseline -0.002 -19"><span class='ocrx_word' id='word_1_94' title='bbox 77 1732 115 1800; x_wconf 76' lang='grc' dir='ltr'><strong><em>δὲ</em></strong></span> <span class='ocrx_word' id='word_1_95' title='bbox 144 1731 184 1798; x_wconf 82' lang='grc' dir='ltr'><strong><em>τά</em></strong></span> <span class='ocrx_word' id='word_1_96' title='bbox 215 1740 264 1817; x_wconf 92' lang='grc' dir='ltr'><strong><em>Δ,</em></strong></span> <span class='ocrx_word' id='word_1_97' title='bbox 291 1740 320 1799; x_wconf 94' lang='grc' dir='ltr'>Θ</span> <span class='ocrx_word' id='word_1_98' title='bbox 349 1745 483 1819; x_wconf 80' lang='grc' dir='ltr'><strong><em>σημεῖα,</em></strong></span> <span class='ocrx_word' id='word_1_99' title='bbox 515 1732 571 1799; x_wconf 83' lang='grc' dir='ltr'><strong><em>καί</em></strong></span> <span class='ocrx_word' id='word_1_100' title='bbox 598 1738 682 1800; x_wconf 75' lang='grc' dir='ltr'><strong><em>ἔστω</em></strong></span> <span class='ocrx_word' id='word_1_101' title='bbox 710 1729 814 1818; x_wconf 80' lang='grc' dir='ltr'><strong><em>ίσηὴ</em></strong></span> <span class='ocrx_word' id='word_1_102' title='bbox 844 1730 905 1818; x_wconf 69' lang='grc' dir='ltr'><strong><em>μὲν</em></strong></span> <span class='ocrx_word' id='word_1_103' title='bbox 932 1728 997 1798; x_wconf 85' lang='grc' dir='ltr'><strong><em>ὑπὸ</em></strong></span> <span class='ocrx_word' id='word_1_104' title='bbox 1025 1735 1094 1799; x_wconf 85' lang='grc' dir='ltr'><strong><em>τών</em></strong></span> 
     </span>
     <span class='ocr_line' id='line_1_16' title="bbox 74 1833 1094 1926; baseline -0.003 -20"><span class='ocrx_word' id='word_1_105' title='bbox 74 1844 159 1922; x_wconf 90' lang='grc' dir='ltr'><strong><em>ΑΒ,</em></strong></span> <span class='ocrx_word' id='word_1_106' title='bbox 188 1843 254 1905; x_wconf 90' lang='grc' dir='ltr'><strong><em>ΒΓ</em></strong></span> <span class='ocrx_word' id='word_1_107' title='bbox 277 1843 384 1923; x_wconf 83' lang='grc' dir='ltr'><strong><em>γωνία</em></strong></span> <span class='ocrx_word' id='word_1_108' title='bbox 412 1847 451 1926; x_wconf 74' lang='grc' dir='ltr'><strong><em>τῇ</em></strong></span> <span class='ocrx_word' id='word_1_109' title='bbox 479 1835 545 1907; x_wconf 88' lang='grc' dir='ltr'><strong><em>ῦπῦ</em></strong></span> <span class='ocrx_word' id='word_1_110' title='bbox 574 1848 644 1906; x_wconf 86' lang='grc' dir='ltr'><strong><em>τών</em></strong></span> <span class='ocrx_word' id='word_1_111' title='bbox 666 1845 744 1920; x_wconf 98' lang='grc' dir='ltr'><strong><em>ΕΖ,</em></strong></span> <span class='ocrx_word' id='word_1_112' title='bbox 774 1843 845 1903; x_wconf 93' lang='grc' dir='ltr'><strong><em>ΖΗ</em></strong></span> <span class='ocrx_word' id='word_1_113' title='bbox 862 1841 983 1925; x_wconf 78' lang='grc' dir='ltr'><strong><em>γωνίᾳ,</em></strong></span> <span class='ocrx_word' id='word_1_114' title='bbox 1011 1833 1032 1922; x_wconf 81' lang='grc' dir='ltr'><em>ἡ</em></span> <span class='ocrx_word' id='word_1_115' title='bbox 1056 1836 1094 1904; x_wconf 72' lang='grc' dir='ltr'><strong><em>δὲ</em></strong></span> 
     </span>
     <span class='ocr_line' id='line_1_17' title="bbox 76 1941 1093 2033; baseline -0.003 -22"><span class='ocrx_word' id='word_1_116' title='bbox 76 1941 144 2011; x_wconf 86' lang='grc' dir='ltr'><strong><em>ὑπὸ</em></strong></span> <span class='ocrx_word' id='word_1_117' title='bbox 172 1947 241 2011; x_wconf 86' lang='grc' dir='ltr'><strong><em>τών</em></strong></span> <span class='ocrx_word' id='word_1_118' title='bbox 264 1950 348 2029; x_wconf 88' lang='grc' dir='ltr'><strong><em>ΑΒ,</em></strong></span> <span class='ocrx_word' id='word_1_119' title='bbox 377 1951 445 2011; x_wconf 92' lang='grc' dir='ltr'><strong><em>ΒΔ</em></strong></span> <span class='ocrx_word' id='word_1_120' title='bbox 472 1948 512 2033; x_wconf 73' lang='grc' dir='ltr'><strong><em>τῇ</em></strong></span> <span class='ocrx_word' id='word_1_121' title='bbox 539 1942 605 2012; x_wconf 87' lang='grc' dir='ltr'><strong><em>ῦπῦ</em></strong></span> <span class='ocrx_word' id='word_1_122' title='bbox 629 1949 697 2013; x_wconf 88' lang='grc' dir='ltr'><strong><em>τών</em></strong></span> <span class='ocrx_word' id='word_1_123' title='bbox 720 1951 799 2028; x_wconf 93' lang='grc' dir='ltr'><strong><em>ΕΖ,</em></strong></span> <span class='ocrx_word' id='word_1_124' title='bbox 826 1951 896 2013; x_wconf 90' lang='grc' dir='ltr'><strong><em>ΖΘ.</em></strong></span> <span class='ocrx_word' id='word_1_125' title='bbox 940 1943 996 2008; x_wconf 81' lang='grc' dir='ltr'><strong><em>καὶ</em></strong></span> <span class='ocrx_word' id='word_1_126' title='bbox 1023 1942 1093 2010; x_wconf 80' lang='grc' dir='ltr'><strong><em>ἐπεὶ</em></strong></span> 
     </span>
     <span class='ocr_line' id='line_1_18' title="bbox 74 2045 1093 2139; baseline 0.001 -23"><span class='ocrx_word' id='word_1_127' title='bbox 74 2046 96 2136; x_wconf 78' lang='grc' dir='ltr'><em>ἡ</em></span> <span class='ocrx_word' id='word_1_128' title='bbox 120 2046 186 2117; x_wconf 84' lang='grc' dir='ltr'><strong><em>ὑπὸ</em></strong></span> <span class='ocrx_word' id='word_1_129' title='bbox 209 2060 280 2118; x_wconf 80' lang='grc' dir='ltr'><strong><em>τῶν</em></strong></span> <span class='ocrx_word' id='word_1_130' title='bbox 297 2056 378 2133; x_wconf 92' lang='grc' dir='ltr'><strong><em>ΑΒ,</em></strong></span> <span class='ocrx_word' id='word_1_131' title='bbox 402 2056 468 2118; x_wconf 90' lang='grc' dir='ltr'><strong><em>ΒΓ</em></strong></span> <span class='ocrx_word' id='word_1_132' title='bbox 486 2060 525 2139; x_wconf 78' lang='grc' dir='ltr'><strong><em>τῇ</em></strong></span> <span class='ocrx_word' id='word_1_133' title='bbox 548 2049 615 2118; x_wconf 85' lang='grc' dir='ltr'><strong><em>ὑπὸ</em></strong></span> <span class='ocrx_word' id='word_1_134' title='bbox 638 2053 707 2118; x_wconf 86' lang='grc' dir='ltr'><strong><em>τών</em></strong></span> <span class='ocrx_word' id='word_1_135' title='bbox 725 2057 800 2136; x_wconf 91' lang='grc' dir='ltr'><strong><em>ΘΖ,</em></strong></span> <span class='ocrx_word' id='word_1_136' title='bbox 823 2054 904 2134; x_wconf 89' lang='grc' dir='ltr'><strong><em>ΖΗ,</em></strong></span> <span class='ocrx_word' id='word_1_137' title='bbox 928 2045 1093 2136; x_wconf 84' lang='grc' dir='ltr'><strong><em>ὁμόλογος</em></strong></span> 
     </span>
     <span class='ocr_line' id='line_1_19' title="bbox 75 2151 1093 2244; baseline 0.001 -22"><span class='ocrx_word' id='word_1_138' title='bbox 75 2154 115 2222; x_wconf 76' lang='grc' dir='ltr'><strong><em>δὲ</em></strong></span> <span class='ocrx_word' id='word_1_139' title='bbox 138 2159 221 2223; x_wconf 80' lang='grc' dir='ltr'><strong><em>ἔστω</em></strong></span> <span class='ocrx_word' id='word_1_140' title='bbox 244 2151 265 2240; x_wconf 81' lang='grc' dir='ltr'><em>ἡ</em></span> <span class='ocrx_word' id='word_1_141' title='bbox 288 2160 356 2222; x_wconf 92' lang='grc' dir='ltr'><strong><em>ΒΓ</em></strong></span> <span class='ocrx_word' id='word_1_142' title='bbox 373 2158 413 2242; x_wconf 78' lang='grc' dir='ltr'><strong><em>τῇ</em></strong></span> <span class='ocrx_word' id='word_1_143' title='bbox 433 2162 509 2222; x_wconf 90' lang='grc' dir='ltr'><strong><em>ΖΗ.</em></strong></span> <span class='ocrx_word' id='word_1_144' title='bbox 548 2158 650 2242; x_wconf 83' lang='grc' dir='ltr'><strong><em>λέγω,</em></strong></span> <span class='ocrx_word' id='word_1_145' title='bbox 674 2154 725 2224; x_wconf 84' lang='grc' dir='ltr'><strong><em>ὅτι</em></strong></span> <span class='ocrx_word' id='word_1_146' title='bbox 748 2154 769 2242; x_wconf 82' lang='grc' dir='ltr'><em>ἡ</em></span> <span class='ocrx_word' id='word_1_147' title='bbox 793 2162 926 2224; x_wconf 91' lang='grc' dir='ltr'><em>ΑΒΓΔ</em></span> <span class='ocrx_word' id='word_1_148' title='bbox 948 2157 1093 2244; x_wconf 80' lang='grc' dir='ltr'><strong><em>πυραμὶς</em></strong></span> 
     </span>
     <span class='ocr_line' id='line_1_20' title="bbox 74 2258 1093 2350; baseline 0.003 -23"><span class='ocrx_word' id='word_1_149' title='bbox 74 2258 158 2345; x_wconf 89' lang='grc' dir='ltr'><strong><em>πρὸς</em></strong></span> <span class='ocrx_word' id='word_1_150' title='bbox 190 2259 252 2347; x_wconf 83' lang='grc' dir='ltr'><strong><em>τὴν</em></strong></span> <span class='ocrx_word' id='word_1_151' title='bbox 279 2268 418 2329; x_wconf 83' lang='grc' dir='ltr'>ΕΖΗΘ</span> <span class='ocrx_word' id='word_1_152' title='bbox 449 2267 621 2349; x_wconf 87' lang='grc' dir='ltr'><strong><em>πυραμίδα</em></strong></span> <span class='ocrx_word' id='word_1_153' title='bbox 648 2267 866 2350; x_wconf 86' lang='grc' dir='ltr'><strong><em>τριπλασίονα</em></strong></span> <span class='ocrx_word' id='word_1_154' title='bbox 896 2262 999 2350; x_wconf 90' lang='grc' dir='ltr'><strong><em>λόγον</em></strong></span> <span class='ocrx_word' id='word_1_155' title='bbox 1028 2269 1093 2350; x_wconf 86' lang='grc' dir='ltr'><strong><em>ἔχει</em></strong></span> 
     </span>
     <span class='ocr_line' id='line_1_21' title="bbox 75 2363 581 2453; baseline 0.006 -21"><span class='ocrx_word' id='word_1_156' title='bbox 75 2364 161 2453; x_wconf 82' lang='grc' dir='ltr'><strong><em>ἥπερ</em></strong></span> <span class='ocrx_word' id='word_1_157' title='bbox 184 2363 205 2452; x_wconf 82' lang='grc' dir='ltr'><em>ἡ</em></span> <span class='ocrx_word' id='word_1_158' title='bbox 229 2372 295 2433; x_wconf 92' lang='grc' dir='ltr'><em>ΒΓ</em></span> <span class='ocrx_word' id='word_1_159' title='bbox 313 2364 396 2453; x_wconf 86' lang='grc' dir='ltr'><strong><em>πρὸς</em></strong></span> <span class='ocrx_word' id='word_1_160' title='bbox 417 2364 481 2453; x_wconf 82' lang='grc' dir='ltr'><strong><em>τὴν</em></strong></span> <span class='ocrx_word' id='word_1_161' title='bbox 506 2374 581 2435; x_wconf 91' lang='grc' dir='ltr'><strong><em>ΖΗ.</em></strong></span> 
     </span>
    </p>

    <p class='ocr_par' dir='ltr' id='par_1_5' title="bbox 73 2472 1093 2878">
     <span class='ocr_line' id='line_1_22' title="bbox 143 2472 1093 2563; baseline 0.003 -25"><span class='ocrx_word' id='word_1_162' title='bbox 143 2472 509 2560; x_wconf 74' lang='grc' dir='ltr'><strong><em>συμπεπληρώσθωσαν</em></strong></span> <span class='ocrx_word' id='word_1_163' title='bbox 523 2473 587 2561; x_wconf 81' lang='grc' dir='ltr'><strong><em>γάρ</em></strong></span> <span class='ocrx_word' id='word_1_164' title='bbox 597 2473 637 2542; x_wconf 84' lang='grc' dir='ltr'><strong><em>τά</em></strong></span> <span class='ocrx_word' id='word_1_165' title='bbox 647 2483 675 2543; x_wconf 94' lang='grc' dir='ltr'><em>Β</em></span> <span class='ocrx_word' id='word_1_166' title='bbox 684 2483 767 2543; x_wconf 94' lang='grc' dir='ltr'><strong><em>ΔΜ</em></strong></span> <span class='ocrx_word' id='word_1_167' title='bbox 768 2483 814 2558; x_wconf 93' lang='grc' dir='ltr'><strong><em>Λ,</em></strong></span> <span class='ocrx_word' id='word_1_168' title='bbox 830 2483 957 2543; x_wconf 91' lang='grc' dir='ltr'>ΖΘΡΟ</span> <span class='ocrx_word' id='word_1_169' title='bbox 967 2475 1093 2563; x_wconf 83' lang='grc' dir='ltr'><strong><em>στερεά.</em></strong></span> 
     </span>
     <span class='ocr_line' id='line_1_23' title="bbox 77 2577 1093 2668; baseline 0.002 -22"><span class='ocrx_word' id='word_1_170' title='bbox 77 2581 151 2646; x_wconf 83' lang='grc' dir='ltr'><strong><em>ἐπεί</em></strong></span> <span class='ocrx_word' id='word_1_171' title='bbox 171 2580 261 2646; x_wconf 77' lang='grc' dir='ltr'><strong><em>ἐστιν</em></strong></span> <span class='ocrx_word' id='word_1_172' title='bbox 280 2577 326 2660; x_wconf 86' lang='grc' dir='ltr'><strong><em>ώς</em></strong></span> <span class='ocrx_word' id='word_1_173' title='bbox 348 2577 369 2667; x_wconf 81' lang='grc' dir='ltr'><em>ἡ</em></span> <span class='ocrx_word' id='word_1_174' title='bbox 388 2586 455 2649; x_wconf 99' lang='grc' dir='ltr'><em>ΒΓ</em></span> <span class='ocrx_word' id='word_1_175' title='bbox 469 2578 552 2667; x_wconf 90' lang='grc' dir='ltr'><strong><em>πρὸς</em></strong></span> <span class='ocrx_word' id='word_1_176' title='bbox 572 2580 633 2667; x_wconf 78' lang='grc' dir='ltr'><strong><em>τὴν</em></strong></span> <span class='ocrx_word' id='word_1_177' title='bbox 651 2588 734 2667; x_wconf 92' lang='grc' dir='ltr'><strong><em>ΒΑ,</em></strong></span> <span class='ocrx_word' id='word_1_178' title='bbox 759 2579 865 2661; x_wconf 79' lang='grc' dir='ltr'><strong><em>οὕτως</em></strong></span> <span class='ocrx_word' id='word_1_179' title='bbox 884 2580 904 2668; x_wconf 83' lang='grc' dir='ltr'><em>ἡ</em></span> <span class='ocrx_word' id='word_1_180' title='bbox 924 2589 995 2649; x_wconf 92' lang='grc' dir='ltr'><strong><em>ΖΗ</em></strong></span> <span class='ocrx_word' id='word_1_181' title='bbox 1009 2579 1093 2666; x_wconf 81' lang='grc' dir='ltr'><strong><em>πρὸς</em></strong></span> 
     </span>
     <span class='ocr_line' id='line_1_24' title="bbox 73 2683 1092 2773; baseline 0.003 -23"><span class='ocrx_word' id='word_1_182' title='bbox 73 2683 138 2769; x_wconf 82' lang='grc' dir='ltr'><strong><em>τὴν</em></strong></span> <span class='ocrx_word' id='word_1_183' title='bbox 158 2690 234 2768; x_wconf 90' lang='grc' dir='ltr'><strong><em>ΖΕ,</em></strong></span> <span class='ocrx_word' id='word_1_184' title='bbox 256 2686 312 2753; x_wconf 84' lang='grc' dir='ltr'><strong><em>καὶ</em></strong></span> <span class='ocrx_word' id='word_1_185' title='bbox 335 2687 410 2773; x_wconf 83' lang='grc' dir='ltr'><strong><em>περὶ</em></strong></span> <span class='ocrx_word' id='word_1_186' title='bbox 435 2695 509 2766; x_wconf 86' lang='grc' dir='ltr'><strong><em>ίσας</em></strong></span> <span class='ocrx_word' id='word_1_187' title='bbox 526 2692 651 2773; x_wconf 87' lang='grc' dir='ltr'><strong><em>γωνίας</em></strong></span> <span class='ocrx_word' id='word_1_188' title='bbox 669 2686 727 2767; x_wconf 83' lang='grc' dir='ltr'><strong><em>τὰς</em></strong></span> <span class='ocrx_word' id='word_1_189' title='bbox 744 2685 810 2755; x_wconf 85' lang='grc' dir='ltr'><strong><em>ὑπὸ</em></strong></span> <span class='ocrx_word' id='word_1_190' title='bbox 829 2697 898 2754; x_wconf 84' lang='grc' dir='ltr'><strong><em>τών</em></strong></span> <span class='ocrx_word' id='word_1_191' title='bbox 917 2696 949 2756; x_wconf 89' lang='grc' dir='ltr'><em>Α</em></span> <span class='ocrx_word' id='word_1_192' title='bbox 955 2693 983 2753; x_wconf 90' lang='grc' dir='ltr'><em>Β</em></span> <span class='ocrx_word' id='word_1_193' title='bbox 990 2739 1000 2772; x_wconf 94' lang='grc'>,</span> <span class='ocrx_word' id='word_1_194' title='bbox 1020 2693 1092 2771; x_wconf 88' lang='grc' dir='ltr'><em>ΒΓ,</em></span> 
     </span>
     <span class='ocr_line' id='line_1_25' title="bbox 73 2790 1092 2878; baseline 0 -20"><span class='ocrx_word' id='word_1_195' title='bbox 73 2796 153 2874; x_wconf 88' lang='grc' dir='ltr'><strong><em>ΕΖ,</em></strong></span> <span class='ocrx_word' id='word_1_196' title='bbox 178 2797 250 2858; x_wconf 89' lang='grc' dir='ltr'><strong><em>ΖΗ</em></strong></span> <span class='ocrx_word' id='word_1_197' title='bbox 268 2795 307 2858; x_wconf 88' lang='grc' dir='ltr'><strong><em>αί</em></strong></span> <span class='ocrx_word' id='word_1_198' title='bbox 325 2793 467 2877; x_wconf 85' lang='grc' dir='ltr'><strong><em>πλευραὶ</em></strong></span> <span class='ocrx_word' id='word_1_199' title='bbox 490 2790 660 2878; x_wconf 88' lang='grc' dir='ltr'><strong><em>άνάλογόν</em></strong></span> <span class='ocrx_word' id='word_1_200' title='bbox 679 2796 776 2877; x_wconf 79' lang='grc' dir='ltr'><strong><em>εἰσιν,</em></strong></span> <span class='ocrx_word' id='word_1_201' title='bbox 801 2792 919 2878; x_wconf 86' lang='grc' dir='ltr'><strong><em>ὅμοιον</em></strong></span> <span class='ocrx_word' id='word_1_202' title='bbox 939 2791 1004 2878; x_wconf 87' lang='grc' dir='ltr'><strong><em>άρα</em></strong></span> <span class='ocrx_word' id='word_1_203' title='bbox 1024 2793 1092 2860; x_wconf 76' lang='grc' dir='ltr'><strong><em>ἐστὶ</em></strong></span> 
     </span>
    </p>
   </div>
   <div class='ocr_carea' id='block_1_3' title="bbox 72 2893 1093 3408">
    <p class='ocr_par' dir='ltr' id='par_1_6' title="bbox 72 2893 1093 3408">
     <span class='ocr_line' id='line_1_26' title="bbox 73 2893 1092 2990; baseline 0.002 -27"><span class='ocrx_word' id='word_1_204' title='bbox 73 2893 112 2963; x_wconf 88' lang='grc' dir='ltr'><strong><em>τὸ</em></strong></span> <span class='ocrx_word' id='word_1_205' title='bbox 133 2901 210 2964; x_wconf 89' lang='grc' dir='ltr'><strong><em>ΒΜ</em></strong></span> <span class='ocrx_word' id='word_1_206' title='bbox 228 2897 577 2986; x_wconf 88' lang='grc' dir='ltr'><strong><em>παραλληλόγραμμον</em></strong></span> <span class='ocrx_word' id='word_1_207' title='bbox 600 2904 645 2990; x_wconf 78' lang='grc' dir='ltr'><strong><em>τῷ</em></strong></span> <span class='ocrx_word' id='word_1_208' title='bbox 665 2906 729 2966; x_wconf 93' lang='grc' dir='ltr'><strong><em>ΖΡ</em></strong></span> <span class='ocrx_word' id='word_1_209' title='bbox 746 2898 1092 2989; x_wconf 80' lang='grc' dir='ltr'><strong><em>παραλληλογράμμῳ.</em></strong></span> 
     </span>
     <span class='ocr_line' id='line_1_27' title="bbox 73 3000 1091 3094; baseline 0.002 -25"><span class='ocrx_word' id='word_1_210' title='bbox 73 3003 132 3069; x_wconf 86' lang='grc' dir='ltr'><strong><em>διὰ</em></strong></span> <span class='ocrx_word' id='word_1_211' title='bbox 156 3000 196 3068; x_wconf 83' lang='grc' dir='ltr'><strong><em>τά</em></strong></span> <span class='ocrx_word' id='word_1_212' title='bbox 220 3000 305 3070; x_wconf 87' lang='grc' dir='ltr'><strong><em>αῦτδι</em></strong></span> <span class='ocrx_word' id='word_1_213' title='bbox 328 3002 371 3090; x_wconf 78' lang='grc' dir='ltr'><strong><em>δὴ</em></strong></span> <span class='ocrx_word' id='word_1_214' title='bbox 395 3003 511 3072; x_wconf 81' lang='grc' dir='ltr'><strong><em>καὶτὸ</em></strong></span> <span class='ocrx_word' id='word_1_215' title='bbox 536 3004 597 3091; x_wconf 73' lang='grc' dir='ltr'><strong><em>μὲν</em></strong></span> <span class='ocrx_word' id='word_1_216' title='bbox 620 3013 651 3073; x_wconf 93' lang='grc' dir='ltr'><em>Α</em></span> <span class='ocrx_word' id='word_1_217' title='bbox 658 3012 691 3072; x_wconf 95' lang='grc' dir='ltr'><em>Δ</em></span> <span class='ocrx_word' id='word_1_218' title='bbox 712 3006 757 3094; x_wconf 75' lang='grc' dir='ltr'><strong><em>τῷ</em></strong></span> <span class='ocrx_word' id='word_1_219' title='bbox 781 3009 845 3070; x_wconf 88' lang='grc' dir='ltr'><strong><em>ΕΘ</em></strong></span> <span class='ocrx_word' id='word_1_220' title='bbox 869 3001 987 3090; x_wconf 86' lang='grc' dir='ltr'><strong><em>ὅμοιόν</em></strong></span> <span class='ocrx_word' id='word_1_221' title='bbox 1013 3006 1091 3089; x_wconf 82' lang='grc' dir='ltr'><strong><em>ἐστι,</em></strong></span> 
     </span>
     <span class='ocr_line' id='line_1_28' title="bbox 73 3105 1093 3200; baseline 0.003 -26"><span class='ocrx_word' id='word_1_222' title='bbox 73 3105 113 3174; x_wconf 90' lang='grc' dir='ltr'><strong><em>τὸ</em></strong></span> <span class='ocrx_word' id='word_1_223' title='bbox 138 3106 176 3174; x_wconf 76' lang='grc' dir='ltr'><strong><em>δὲ</em></strong></span> <span class='ocrx_word' id='word_1_224' title='bbox 198 3115 267 3175; x_wconf 92' lang='grc' dir='ltr'><strong><em>ΝΒ</em></strong></span> <span class='ocrx_word' id='word_1_225' title='bbox 290 3119 334 3200; x_wconf 74' lang='grc' dir='ltr'><strong><em>τῷ</em></strong></span> <span class='ocrx_word' id='word_1_226' title='bbox 360 3115 435 3177; x_wconf 89' lang='grc' dir='ltr'><strong><em>ΖΠ.</em></strong></span> <span class='ocrx_word' id='word_1_227' title='bbox 481 3107 566 3177; x_wconf 88' lang='grc' dir='ltr'><strong><em>άλλά</em></strong></span> <span class='ocrx_word' id='word_1_228' title='bbox 589 3109 630 3178; x_wconf 84' lang='grc' dir='ltr'><strong><em>τά</em></strong></span> <span class='ocrx_word' id='word_1_229' title='bbox 654 3109 715 3197; x_wconf 70' lang='grc' dir='ltr'><strong><em>μὲν</em></strong></span> <span class='ocrx_word' id='word_1_230' title='bbox 739 3115 823 3194; x_wconf 92' lang='grc' dir='ltr'><strong><em>ΒΝ,</em></strong></span> <span class='ocrx_word' id='word_1_231' title='bbox 847 3117 933 3193; x_wconf 93' lang='grc' dir='ltr'><strong><em>ΑΔ,</em></strong></span> <span class='ocrx_word' id='word_1_232' title='bbox 957 3115 1035 3175; x_wconf 89' lang='grc' dir='ltr'><strong><em>ΒΜ</em></strong></span> <span class='ocrx_word' id='word_1_233' title='bbox 1052 3108 1093 3177; x_wconf 86' lang='grc' dir='ltr'><strong><em>τδι</em></strong></span> 
     </span>
     <span class='ocr_line' id='line_1_29' title="bbox 72 3212 1092 3300; baseline 0.002 -20"><span class='ocrx_word' id='word_1_234' title='bbox 72 3217 150 3299; x_wconf 92' lang='grc' dir='ltr'><strong><em>τρία</em></strong></span> <span class='ocrx_word' id='word_1_235' title='bbox 172 3227 243 3293; x_wconf 82' lang='grc' dir='ltr'><strong><em>τοῖς</em></strong></span> <span class='ocrx_word' id='word_1_236' title='bbox 265 3212 468 3284; x_wconf 81' lang='grc' dir='ltr'><strong><em>ἀπεναντίον</em></strong></span> <span class='ocrx_word' id='word_1_237' title='bbox 492 3214 605 3284; x_wconf 84' lang='grc' dir='ltr'><strong><em>αῦτών</em></strong></span> <span class='ocrx_word' id='word_1_238' title='bbox 622 3230 693 3297; x_wconf 80' lang='grc' dir='ltr'><strong><em>τοῖς</em></strong></span> <span class='ocrx_word' id='word_1_239' title='bbox 712 3223 800 3300; x_wconf 87' lang='grc' dir='ltr'><strong><em>ΛΔ,</em></strong></span> <span class='ocrx_word' id='word_1_240' title='bbox 824 3221 920 3300; x_wconf 88' lang='grc' dir='ltr'><strong><em>ΜΝ,</em></strong></span> <span class='ocrx_word' id='word_1_241' title='bbox 942 3221 975 3280; x_wconf 91' lang='grc' dir='ltr'><em>Α</em></span> <span class='ocrx_word' id='word_1_242' title='bbox 982 3223 1012 3282; x_wconf 90' lang='grc' dir='ltr'><em>Α</em></span> <span class='ocrx_word' id='word_1_243' title='bbox 1036 3223 1092 3282; x_wconf 87' lang='grc' dir='ltr'><strong><em>ίσα</em></strong></span> 
     </span>
     <span class='ocr_line' id='line_1_30' title="bbox 73 3316 1092 3408; baseline 0.001 -20"><span class='ocrx_word' id='word_1_244' title='bbox 73 3322 159 3404; x_wconf 78' lang='grc' dir='ltr'><strong><em>ἐστί,</em></strong></span> <span class='ocrx_word' id='word_1_245' title='bbox 186 3322 226 3386; x_wconf 84' lang='grc' dir='ltr'><strong><em>τά</em></strong></span> <span class='ocrx_word' id='word_1_246' title='bbox 255 3319 293 3388; x_wconf 71' lang='grc' dir='ltr'><strong><em>δὲ</em></strong></span> <span class='ocrx_word' id='word_1_247' title='bbox 317 3327 390 3406; x_wconf 89' lang='grc' dir='ltr'><strong><em>ΖΡ,</em></strong></span> <span class='ocrx_word' id='word_1_248' title='bbox 419 3328 496 3407; x_wconf 93' lang='grc' dir='ltr'><strong><em>ΕΘ,</em></strong></span> <span class='ocrx_word' id='word_1_249' title='bbox 527 3329 594 3389; x_wconf 93' lang='grc' dir='ltr'><strong><em>ΠΖ</em></strong></span> <span class='ocrx_word' id='word_1_250' title='bbox 622 3322 662 3390; x_wconf 84' lang='grc' dir='ltr'><strong><em>τά</em></strong></span> <span class='ocrx_word' id='word_1_251' title='bbox 691 3328 765 3408; x_wconf 91' lang='grc' dir='ltr'><strong><em>τρία</em></strong></span> <span class='ocrx_word' id='word_1_252' title='bbox 793 3333 863 3400; x_wconf 87' lang='grc' dir='ltr'><strong><em>τοίς</em></strong></span> <span class='ocrx_word' id='word_1_253' title='bbox 890 3316 1092 3389; x_wconf 81' lang='grc' dir='ltr'><strong><em>ἀπεναντίον</em></strong></span> 
     </span>
    </p>
   </div>
   <div class='ocr_carea' id='block_1_4' title="bbox 72 3423 1092 3597">
    <p class='ocr_par' dir='ltr' id='par_1_7' title="bbox 72 3423 1092 3597">
     <span class='ocr_line' id='line_1_31' title="bbox 72 3423 1092 3514; baseline 0 -20"><span class='ocrx_word' id='word_1_254' title='bbox 72 3423 188 3494; x_wconf 86' lang='grc' dir='ltr'><strong><em>αῦτών</em></strong></span> <span class='ocrx_word' id='word_1_255' title='bbox 217 3439 287 3506; x_wconf 79' lang='grc' dir='ltr'><strong><em>τοῖς</em></strong></span> <span class='ocrx_word' id='word_1_256' title='bbox 313 3432 391 3513; x_wconf 90' lang='grc' dir='ltr'><strong><em>ΘΟ,</em></strong></span> <span class='ocrx_word' id='word_1_257' title='bbox 420 3434 498 3512; x_wconf 86' lang='grc' dir='ltr'><strong><em>ΕΟ,</em></strong></span> <span class='ocrx_word' id='word_1_258' title='bbox 527 3435 596 3495; x_wconf 89' lang='grc' dir='ltr'><strong><em>ΡΠ</em></strong></span> <span class='ocrx_word' id='word_1_259' title='bbox 620 3436 677 3496; x_wconf 88' lang='grc' dir='ltr'><strong><em>ίσα</em></strong></span> <span class='ocrx_word' id='word_1_260' title='bbox 705 3430 804 3501; x_wconf 74' lang='grc' dir='ltr'><strong><em>ἐστίν.</em></strong></span> <span class='ocrx_word' id='word_1_261' title='bbox 851 3425 932 3495; x_wconf 83' lang='grc' dir='ltr'><strong><em>ὅλον</em></strong></span> <span class='ocrx_word' id='word_1_262' title='bbox 960 3426 1026 3514; x_wconf 87' lang='grc' dir='ltr'><strong><em>άρα</em></strong></span> <span class='ocrx_word' id='word_1_263' title='bbox 1054 3452 1092 3494; x_wconf 92' lang='grc' dir='ltr'><strong><em>το</em></strong></span> 
     </span>
     <span class='ocr_line' id='line_1_32' title="bbox 125 3540 943 3597; baseline 0.009 -20"><span class='ocrx_word' id='word_1_264' title='bbox 125 3540 280 3594; x_wconf 72' lang='lat' dir='ltr'><strong>Eucliden,</strong></span> <span class='ocrx_word' id='word_1_265' title='bbox 295 3541 345 3584; x_wconf 80' lang='lat' dir='ltr'><strong>edd.</strong></span> <span class='ocrx_word' id='word_1_266' title='bbox 360 3543 465 3596; x_wconf 74' lang='lat' dir='ltr'>Heiborg</span> <span class='ocrx_word' id='word_1_267' title='bbox 480 3548 505 3586; x_wconf 74' lang='grc' dir='ltr'><strong><em>οι</em></strong></span> <span class='ocrx_word' id='word_1_268' title='bbox 516 3545 609 3597; x_wconf 64' lang='lat' dir='ltr'><strong><em>Mem.</em></strong></span> <span class='ocrx_word' id='word_1_269' title='bbox 626 3545 671 3586; x_wconf 70' lang='lat' dir='ltr'><strong><em>W.</em></strong></span> <span class='ocrx_word' id='word_1_270' title='bbox 901 3540 943 3584; x_wconf 53' lang='grc' dir='ltr'><strong><em>ΝΒ</em></strong></span> 
     </span>
    </p>
   </div>
   <div class='ocr_carea' id='block_1_5' title="bbox 0 0 1174 3818">
    <p class='ocr_par' dir='ltr' id='par_1_8' title="bbox 0 0 1174 3818">
     <span class='ocr_line' id='line_1_33' title="bbox 0 0 1174 3818; baseline 0 1"><span class='ocrx_word' id='word_1_271' title='bbox 0 0 1174 3818; x_wconf 95' lang='lat' dir='ltr'><strong><em> </em></strong></span> 
     </span>
    </p>
   </div>
  </div>
 </body>
</html>
