2340 3818
106 130 170 194 190
473 131 674 184 ευοιαιωωετ
692 126 742 202 ιμ’.

103 270 336 359 ληλόγραμμα,
381 272 437 339 καὶ
473 270 530 339 ἀπ’
569 269 683 339 αύτών
724 268 964 357 ἀναστήσωμεν
990 288 1119 356 Ἱστερεα

104 380 415 464 παραλληλεπίπεδα
442 381 567 463 ίσοῦήῆ
594 379 640 468 τῳ
668 378 852 466 κυλίνδρῳ,
879 373 1024 443 ἑκάστου
1050 377 1118 442 τῶν

103 481 364 552 ἀνασταθέντων
396 480 499 570 ἡμίση
532 483 600 551 ἐστὶ
632 482 672 549 τὰ
704 488 872 569 πρίσματα
898 480 939 549 τδι
968 481 1022 549 ἐπὶ
1049 483 1117 548 τών

104 598 220 676 ΑΕΒ,
247 598 354 675 ΒΖΓ,
387 594 508 673 ΓΗΔ,
536 596 640 656 ΔΘΑ
666 588 853 675 τριγώνων·
885 593 946 655 καί
974 589 1044 656 ἐστι
1077 583 1115 654 τὰ

68 708 164 768 σποῦ
191 700 374 782 κυλίνδρου
401 697 551 781 τμήματα
578 695 738 764 έλάττονα
763 699 832 763 τῶν
855 692 1116 761 ἀνασταθέντων

104 806 247 886 στερεῶν
266 801 617 888 παραλληλεπιπέδων·
637 798 721 868 ὥστε
734 801 790 868 καλ
803 799 844 867 τὰ
858 801 911 867 ἐπὶ
924 803 995 868 τών
1009 805 1115 883 ΑΕΒ,

103 912 209 991 ΒΖΓ,
227 911 351 989 ΓΗΔ,
372 912 475 972 ΔΘΑ
493 904 667 992 τριγώνων
686 911 853 992 πρίσματα
871 903 1006 992 μείζονά
1027 906 1113 973 ἐστιν

103 1009 181 1100 ήτδ
204 1009 309 1099 ἥμισυ
330 1014 399 1078 τῶν
422 1009 502 1078 καθ’
527 1009 628 1079 ἑαντά
647 1014 709 1078 τού
725 1013 909 1095 κυλίνδρου
926 1007 1113 1096 τμημύτων.

103 1120 280 1205 τέμνοντες
302 1116 344 1203 δή
362 1115 422 1196 τάς
439 1114 703 1203 ὑπολειπομένας
725 1122 937 1205 περιφερείας
961 1118 1041 1202 δίχα
1063 1115 1113 1184 καί

52 1249 84 1295 10
103 1222 353 1309 ἐπιζευγνύντες
387 1221 522 1303 εὐθείας
568 1223 624 1290 καί
656 1223 853 1302 ἀνιστάντες
884 1218 937 1308 ἐφ’
974 1221 1112 1290 ἕκάστου
1147 1258 1149 1269 ·

102 1333 170 1397 τών
207 1329 383 1417 τριγώνων
418 1333 585 1417 πρίσματα
618 1333 741 1416 ίσοϋψή
774 1332 819 1421 τῳ
852 1330 1023 1418 κυλίνδρῳ
1061 1327 1112 1395 καί

101 1444 201 1503 τοῦτο
235 1433 286 1502 ἀεί
318 1437 493 1514 ποιοῦντες
527 1435 769 1521 καταλείψομέν
796 1460 872 1503 τινα
899 1431 1112 1520 ἀποτμήματα

101 1551 163 1608 τοῦ
194 1543 391 1628 κυλίνδρου,
427 1536 448 1607 ἀ
482 1545 572 1608 ἔσται
603 1540 763 1608 ἐλάττουα
793 1543 853 1626 τῆς
880 1537 1065 1626 ὑπεροχῆς,
1092 1529 1111 1627 ή

102 1643 254 1734 ὑπερέχει
291 1643 309 1714 δ
346 1646 527 1731 κύλινδρος
562 1656 623 1713 τοῦ
659 1651 857 1733 τριπλασίου
892 1655 954 1713 τοῦ
994 1645 1114 1715 κώνου.

52 1776 83 1823 15
102 1758 282 1839 λελείφθω,
304 1752 359 1820 καὶ
378 1757 460 1820 ἔστω
479 1749 520 1819 τὰ
534 1757 616 1835 ΑΕ,
636 1757 714 1835 ΕΒ,
733 1758 810 1835 ΒΖ,
831 1757 907 1836 ΖΓ,
926 1756 1009 1836 ΓΗ,
1028 1757 1114 1837 ΗΔ,

103 1865 184 1943 ΔΘ,
212 1866 286 1926 ΘΑ·
312 1856 434 1926 λοιπὸν
461 1855 526 1944 ἀρα
553 1855 591 1924 τὸ
618 1860 760 1944 πρίσμα,
793 1847 835 1923 οὑ
862 1855 960 1942 βάσις
987 1855 1053 1942 μὲν
1079 1854 1112 1924 τὸ

32 1956 35 1963 ’
102 1968 378 2031 ΑΕΒΖΓΗΔΘ
404 1961 616 2047 πολύγωνον,
643 1962 730 2042 ὕψος
757 1961 794 2029 δὲ
821 1960 859 2028 τὸ
885 1958 966 2029 αὐτὸ
990 1965 1039 2055 τῷ
1062 1988 1113 2031 κυ

102 2072 244 2160 λίνδρῳ,
272 2070 384 2155 μεῖζόν
408 2071 498 2137 ἐστιν
521 2064 541 2154 ή
565 2068 761 2157 τριπλάσιον
784 2077 845 2134 τοῦ
858 2066 988 2136 κώνου.
1032 2065 1113 2137 ἀλλά

101 2172 139 2240 τὸ
159 2178 300 2260 πρίσμα,
320 2166 361 2243 οὑ
380 2173 478 2260 βάσις
496 2176 556 2260 μέν
576 2177 645 2242 έστι
663 2173 701 2242 τὸ
716 2179 996 2242 ΑΕΒΖΓΗΔΘ
1016 2173 1113 2244 πολύ·

49 2302 83 2350 20
101 2304 225 2364 γωνον,
243 2279 330 2359 ύψος
348 2279 385 2346 δὲ
404 2278 441 2347 τὸ
461 2277 543 2346 αὐτὸ
562 2283 608 2371 τῳ
627 2284 807 2371 κυλίνδρῳ,
827 2277 1032 2367 τριπλάσιόν
1051 2283 1113 2351 ἐστι

100 2386 159 2469 τής
181 2387 382 2469 πυραμίδος,
412 2375 453 2469 ής
475 2383 572 2468 βάσις
599 2385 660 2469 μέν
684 2387 752 2453 ἐστι
774 2383 812 2453 τὸ
836 2392 1113 2463 ΑΕΒΖΓΗΔΘΙ

101 2594 199 2680 ραμλς
221 2591 298 2680 ἀρα,
321 2583 361 2679 ἧς
382 2591 480 2678 βάσις
503 2593 563 2678 μέν
588 2595 683 2678 [ἐστι]
702 2593 740 2661 τὸ
759 2600 1044 2666 ΑΕΒΖΓΗΔΘ
1059 2621 1111 2667 πο·

101 2697 271 2784 λύγωνον,
298 2698 430 2787 κορυφὴ
459 2698 496 2767 δὲ
524 2696 545 2786 ή
573 2696 657 2786 αύτή
686 2710 732 2792 τῳ
755 2701 868 2791 κώνῳ,
901 2705 1026 2786 μείζων
1049 2701 1138 2772 ἐστί’

48 2827 81 2874 25
101 2809 162 2872 τού
194 2804 306 2872 κώνου
337 2809 398 2873 τοῦ
428 2804 529 2890 βάσιν
562 2811 695 2894 ἔχοντος
726 2805 787 2873 τὸν
814 2813 949 2875 ΑΒΓΔ
981 2807 1109 2877 κύκλου.

101 2910 185 2977 ἀλλὰ
208 2910 263 2977 καί
287 2909 443 2977 ἐλάττων·
474 2913 695 3000 ἐμπεριέχεται
718 2911 783 2999 γάρ
805 2909 862 2980 ὑπ’
889 2913 1012 2981 αὐτοῦ’
1035 2913 1108 3000 ὅπερ

173 3094 197 3142 3.
216 3082 318 3156 ἡμίσεα
337 3085 422 3155 Bvq.
494 3089 600 3157 πρίσμα
619 3087 649 3158 Ρ,
668 3094 738 3143 com
755 3106 792 3145 m.
811 3105 865 3143 rec.
943 3094 970 3144 5.
991 3083 1107 3162 ἀποτμή·

101 3178 175 3227 ματα
193 3157 278 3225 BVq.
379 3161 402 3211 8.
422 3153 454 3245 ἥ]
473 3156 518 3212 bis
536 3157 567 3212 P.
665 3159 732 3230 τῶν]
753 3163 802 3213 τοῦ
821 3176 847 3226 q.
944 3154 1053 3234 ἕαυτύ]
1069 3154 1107 3214 -τύ

101 3246 204 3283 ecorr.
223 3245 259 3282 m.
278 3245 332 3282 reo.
353 3229 387 3294 P;
407 3223 456 3282 ἕτα
476 3247 503 3297 q.
582 3233 623 3284 10.
643 3224 707 3301 ἐφ’]
726 3223 781 3299 ἀφ’
801 3230 835 3285 V.
916 3235 959 3286 18.
980 3226 1013 3305 ἀ]
1035 3244 1107 3302 supa

101 3316 152 3354 ser.
171 3316 207 3353 m.
228 3305 243 3352 2
263 3300 294 3352 Β.
403 3294 542 3354 έλάσσονοι
560 3299 591 3353 Ρ.
705 3306 744 3354 14.
764 3296 852 3355 κόνον
871 3320 897 3371 q.
1012 3308 1055 3359 15.
1072 3305 1105 3357 λε·

95 3366 203 3437 νήφοι
223 3387 248 3438 q.
338 3375 378 3424 ιτ.
398 3371 657 3424 mmm
675 3371 711 3440 Ρ,
730 3373 992 3428 ΑΕΒΖΓΗΔΘΑ
1011 3375 1047 3430 V.

86 3443 129 3491 18,
152 3436 245 3495 κώνου
265 3459 291 3511 q.
387 3445 432 3497 21.
452 3437 523 3512 ἐστι]
542 3456 596 3497 om.
613 3440 648 3497 V.
739 3444 970 3499 ΑΕΒΖΓΗΘΔ
988 3443 1025 3501 V.
