2340 3818
49 149 115 213 412
442 151 625 203 APPENDIX
643 152 680 205 11.

117 290 298 377 κύλινδρος
323 289 388 378 γὰρ
417 288 436 358 6
459 300 491 358 A
498 298 531 357 A
559 291 702 381 ἐπιπέδῳ
730 293 774 381 τῳ
798 297 867 359 ΗΘ
893 294 1065 378 τετμήσθω

49 396 251 488 παραλλήλῳ
278 395 352 465 ὄντι
379 409 450 476 τοῖς
476 393 680 465 ἀπεναντίον
704 398 871 478 ἐπιπέδοις
893 411 964 478 τοῖς
987 406 1064 486 ΑΒ,

49 508 128 587 ΓΔ,
151 503 208 569 καὶ
231 504 446 590 συμβαλλέτω
469 512 515 593 τῷ
538 505 600 569 τοῦ
622 507 806 590 κυλίνδρου
829 501 925 584 ἄξονι
947 507 987 572 τὸ
1006 511 1066 573 ΗΘ

51 610 208 676 ἐπίπεδον
230 607 314 676 κατὰ
336 607 375 677 τὸ
400 615 435 675 Κ
462 621 610 694 σημεῖον.
655 609 758 695 λέγω,
787 608 838 677 ὅτι
866 609 958 678 ἐστὶν
982 607 1066 689 οἱςὸ

50 721 119 782 ΗΘ
149 713 331 802 κύλινδρος
362 712 446 801 πρὸς
476 715 537 783 τὸν
568 721 644 782 ΗΔ
674 713 875 802 κύλινδρον,
909 713 1019 796 οὕτως
1050 713 1068 783 6
1095 766 1111 805 ,

51 826 120 887 ΕΚ
140 818 240 901 ἀξων.
276 817 330 907 ἐφ’
357 819 496 908 ἕκάτερα
519 819 558 888 τὰ
577 821 660 907 μέρη
680 821 733 888 ἐπὶ
752 821 792 888 τὰ
812 827 858 906 A,
879 828 924 889 Μ
938 835 1071 909 σημεῖα,

50 926 106 994 καὶ
128 932 320 994 κείσθωσαν
350 936 396 1017 τῳ
420 927 482 1012 μὲν
504 933 574 994 ΕΚ
599 926 696 1007 ἀξονι
727 935 796 995 ίσοι
824 927 1029 1014 ὁσοιδήποτε
1052 925 1070 997 6

52 1035 126 1118 ΖΞ,
160 1038 247 1117 ΖΜ,
274 1031 330 1099 καί
358 1030 572 1118 ἐκβεβλήσθω
601 1030 657 1099 διά
681 1036 749 1101 τῶν
773 1039 820 1119 A,
851 1039 898 1118 Ν,
925 1036 970 1116 Ξ,
998 1034 1073 1123 ΒΡ)

51 1143 198 1225 σημείων
227 1139 364 1205 ἐπίπεδα
391 1136 586 1224 παράλληλα
611 1150 684 1218 τοῖς
711 1145 793 1224 ΑΒ,
822 1145 899 1223 ΓΔ,
932 1139 992 1206 καί
1023 1165 1075 1207 νε·

51 1244 257 1331 νοήσθωσαυ
285 1246 322 1312 ἐν
349 1256 419 1323 τοῖς
447 1243 503 1311 διὰ
530 1253 598 1311 τῶν
625 1251 672 1328 A,
700 1252 750 1330 N,
778 1247 821 1332 Ξ,
850 1251 895 1312 Μ
921 1250 1073 1332 σημείων

52 1352 218 1429 ἐπιπέδοις
249 1349 324 1435 περὶ
355 1351 475 1437 κέντρα
505 1347 545 1418 τά
576 1357 623 1434 A,
656 1357 705 1436 N,
739 1353 781 1437 Ξ,
813 1356 858 1417 Μ
884 1349 1008 1418 κύκλοι
1041 1354 1076 1419 ολ

54 1462 124 1523 ΟΠ
125 1462 204 1539 ΡΣ,
222 1461 360 1524 Tm
370 1465 438 1524 ίσοι
452 1453 546 1535 ὄντες
559 1469 629 1535 τοῖς
643 1462 792 1542 ΑΒΓΔ,
807 1458 862 1524 καὶ
875 1457 1074 1543 νενοήσθω

52 1581 116 1630 σαν
145 1560 321 1648 κύλινδροι
350 1564 385 1629 οί
406 1568 485 1646 ΠΡ,
514 1569 589 1646 ΡΒ,
620 1570 702 1646 AT,
735 1570 803 1631 TX.
854 1563 910 1630 καί
939 1565 1013 1633 ἐπεὶ
1041 1567 1076 1632 οί

52 1673 137 1753 AN,
170 1675 254 1752 NE,
287 1672 356 1734 ΕΚ
381 1666 497 1747 ἀξονες
524 1675 593 1736 ίσοι
620 1669 708 1736 είσλν
735 1667 906 1755 ἀλλήλοις,
941 1672 979 1736 ολ
1006 1668 1074 1759 ἄρα

51 1781 131 1858 ΠΡ,
159 1779 241 1857 ΗΡ,
270 1778 342 1840 ΒΗ
360 1771 537 1861 κύλινδροι
560 1772 644 1862 πρὸς
667 1772 831 1861 ἀλλήλους
854 1773 941 1842 είσλν
967 1771 1016 1854 ὡς
1038 1777 1075 1842 αλ

52 1880 174 1964 βάσεις.
219 1887 289 1946 ίσαι
318 1878 355 1945 δέ
383 1877 542 1966 ἀλλήλαις
570 1881 656 1949 είσὶν
684 1884 721 1948 αι’
740 1881 864 1967 βάσεις.
911 1888 983 1948 ίσοι
1008 1880 1072 1967 ἀρα

52 1986 117 2053 είσλ
144 1986 199 2053 καὶ
228 1988 263 2052 ολ
288 1992 368 2069 ΠΡ,
396 1992 471 2069 ΡΒ,
498 1992 572 2053 ΒΗ
594 1986 770 2075 κύλινδροι
797 1983 965 2072 ἀλλήλοις.
1018 1989 1074 2056 καὶ

52 2092 121 2158 ἐπεὶ
150 2094 185 2159 oc
210 2097 297 2175 AN,
329 2097 414 2176 ΝΕ,
446 2098 517 2160 ΕΚ
543 2090 658 2173 ἀξονες
686 2100 754 2160 ίσοι
784 2092 869 2159 είσλν
899 2089 1072 2180 ἀλλήλοις,

53 2196 117 2264 είσλ
141 2194 178 2263 δέ
200 2196 257 2263 καὶ
276 2199 310 2263 oc
327 2204 365 2264 Π
367 2203 408 2281 Ρ,
431 2202 506 2282 ΡΒ,
530 2203 602 2264 ΒΗ
615 2196 792 2284 κύλινδροι
810 2205 877 2264 ίσοι
898 2195 1072 2286 ἀλλήλοις,

52 2307 110 2368 καί
131 2304 221 2369 ἐστιν
244 2309 320 2368 ίσον
338 2301 376 2368 τὸ
395 2306 526 2388 πλῆθος
548 2307 593 2393 τῳ
613 2302 745 2389 πλήθει,
770 2300 988 2372 ὁσαπλασίων
1007 2303 1072 2391 ἀρα

53 2408 142 2476 ἐστίν
166 2405 185 2474 6
208 2413 279 2474 ΛΚ
302 2404 391 2486 ἀξωυ
419 2412 481 2475 τοῦ
506 2415 575 2476 ΕΚ
600 2405 740 2493 ἀξονος,
770 2417 1071 2480 τοσαυταπλασίων

53 2514 121 2581 ἐστὶ
148 2512 204 2581 καὶ
232 2509 250 2580 6
280 2519 359 2580 ΠΗ
380 2511 561 2604 κύλινδρος
587 2518 648 2582 τοῦ
676 2521 749 2581 ΒΗ
772 2519 967 2602 κυλίνδρου.
1017 2515 1071 2585 διά

52 2618 91 2686 τὰ
120 2615 204 2685 αύπδι
232 2614 273 2703 δή
301 2617 357 2684 καί
386 2615 600 2687 ὁσαπλασίων
629 2619 718 2687 ἐστίν
747 2615 765 2686 6
791 2624 870 2686 ΜΚ
894 2618 987 2700 ἀξων
1011 2625 1072 2691 τοῦ
1115 2668 1117 2677 =

53 2732 87 2792 K
94 2732 121 2791 Z
139 2725 270 2809 ἀξονος,
290 2729 586 2792 τοσαυταπλασίων
606 2725 675 2793 ἐστὶ
693 2725 750 2792 καὶ
769 2723 787 2793 6
805 2731 879 2793 ΧΗ
888 2725 1072 2815 κύλινδρος
1114 2686 1117 2803 λ

52 2835 201 2898 τοῦΗΔ
218 2834 412 2917 κυλίνδρου.
449 2834 479 2897 εί
496 2829 557 2916 μὲν
577 2824 641 2898 οὖν
660 2838 733 2910 ίσος
751 2831 842 2898 ἐστὶν
861 2828 963 2899 ὁΛΚ
979 2831 1071 2915 ἀξων
1113 2808 1117 2977 i

52 2940 96 3025 τῳ
124 2941 205 3002 ΚΜ
233 2934 343 3021 ἀξονι,
376 2943 448 3014 ίσος
481 2936 550 3003 ἐστὶ
581 2933 682 3003 καὶ“
667 2964 685 3005 ο
715 2942 793 3003 ΠΗ
815 2934 998 3025 κύλινδρος
1027 2966 1069 3032 τῳ

52 3003 126 3108 ΗΧ
144 3044 329 3132 κυλίνδρῳ,
358 3045 390 3108 εί
416 3040 453 3109 δὲ
481 3047 600 3128 μείζων
628 3040 761 3109 ἐστίν’
746 3070 764 3111 ο
793 3050 858 3109 ΚΛ
887 3040 979 3122 ἀξων
1011 3047 1072 3113 τοῦ

52 3153 134 3214 ΚΜ
157 3144 292 3230 ἀξονος,
319 3149 484 3232 μείζωνέ
468 3147 537 3214 ἐστὶ
563 3144 663 3214 καλ“
648 3174 666 3216 ο
695 3154 773 3214 ΠΗ
800 3145 981 3236 κύλινδρος
1013 3153 1072 3219 τοῦ

53 3259 125 3319 ΗΧ
143 3255 337 3336 κυλίνδρου,
362 3256 392 3319 εί
378 3252 451 3319 ίδέ
475 3251 625 3320 ἐλάσσων
650 3250 778 3321 ἐστίν’
765 3281 782 3322 ο
803 3259 873 3320 ΛΚ
893 3253 987 3334 ἀξιον
1013 3259 1073 3326 τοῦ

28 3558 37 3597 k
112 3487 143 3558 1)
165 3492 191 3544 A
209 3486 242 3543 in
262 3500 335 3554 τρες
354 3501 442 3557 supra,
461 3486 490 3540 N
509 3499 562 3538 εοε.
581 3485 613 3536 Μ
627 3499 668 3536 m.
683 3488 711 3535 x.
