2340 3818
456 149 639 200 APPENDIX
656 149 691 202 11.
1012 146 1079 213 403

61 287 227 357 ἐλάττονα
256 292 318 355 τού
341 295 371 354 Ρ
396 292 543 375 στερεοῦ.
592 287 751 375 λελήφθω
780 288 835 355 καὶ
860 293 942 356 ἔστω
967 287 1006 356 τά
1029 290 1082 357 ἐπὶ

60 398 134 462 τών
148 401 264 479 ΑΕΒ,
279 401 385 481 ΒΖΓ,
399 401 520 480 ΓΗΔ,
535 401 647 461 ΔΘΑ.
679 391 799 462 λοιπὸν
813 391 878 481 άρα
892 394 929 462 τδ
945 399 1082 481 πρίσμα,

62 491 108 568 ού
126 499 224 585 βάσις
243 501 304 585 μέν
323 502 391 568 ἐστι
409 499 447 569 τὸ
467 506 747 569 ΑΕΒΖΓΗΔΘ
765 499 975 586 πολύγωνον,
994 500 1081 580 ύψος

61 606 103 674 δὲ
130 605 167 674 τὸ
196 603 278 674 αὐτὸ
305 610 351 698 τῷ
379 610 565 699 κυλίνδρῳ,
589 605 701 692 μεῖζόν
725 608 814 675 ἐστιν
836 603 858 692 ἢ
885 604 1082 694 τριπλάσιον

59 716 126 780 τοῦ
148 712 262 780 κώνου
280 723 341 781 τοῦ
360 712 461 797 βάσιν
480 713 542 799 μέν
561 717 695 800 ἔχοντος
712 711 773 781 τὸν
793 718 925 781 ΑΒΓΔ
943 710 1080 798 κύκλον,

58 815 151 899 ύήος
174 819 212 886 δὲ
234 818 272 887 τὸ
297 815 378 887 αύτδ
401 822 447 910 τῷ
475 823 652 910 κυλίνδρῳ.
698 816 783 886 άλλδι
807 818 845 887 τὸ
869 823 1010 906 πρίσμα,
1041 810 1082 886 ού

59 923 163 1010 βάσις
190 925 251 1010 μέν
281 927 349 992 ἐστι
375 923 414 993 τὸ
442 930 722 993 ΑΕΒΖΓΗΔΘ
748 923 964 1011 πολύγωνον,
995 922 1082 1004 ὕψος

61 1028 104 1097 δὲ
127 1028 163 1098 τὸ
188 1027 270 1099 αύτὸ
293 1042 339 1121 τῳ
362 1034 548 1122 κυλίνδρῳ,
575 1029 773 1118 τριπλάσιόν
802 1032 870 1098 ἐστι
898 1040 956 1118 τής
978 1053 1082 1118 πυρα-

59 1138 162 1222 μίδος
184 1147 243 1223 τῆς
264 1134 365 1221 βάσιν
384 1135 446 1222 μὲν
469 1134 610 1222 ἐχούσης
627 1133 665 1203 τὸ
680 1142 962 1203 ΑΕΒΖΓΗΔΘ
980 1135 1082 1203 πολύ-

58 1267 188 1328 γωνον,
211 1242 298 1323 ύψος
321 1243 358 1310 δέ
380 1241 418 1311 τὸ
443 1238 525 1309 αύτὸ
545 1251 590 1331 τῷ
609 1244 787 1331 κυλίνδρῳ.
820 1240 876 1307 καὶ
894 1239 915 1327 ή
934 1240 1081 1327 πυραμίς

61 1345 142 1432 ἄρα,
165 1339 205 1434 ής
227 1348 325 1433 βάσις
347 1349 409 1435 μέν
428 1350 496 1415 ἐστι
515 1346 552 1415 τὸ
573 1352 851 1414 ΑΕΒΖΓΗΔΘ
869 1346 1081 1433 πολύγωνον,

59 1450 150 1535 ὕψος
173 1453 210 1522 δέ
233 1452 271 1523 τδ
295 1451 377 1523 αύτὸ
401 1456 446 1544 τῷ
464 1457 645 1543 κυλίνδρῳ,
669 1452 780 1538 μεῖζόν
801 1455 869 1520 ἐστι
888 1462 950 1520 τοῦ
967 1452 1081 1520 κώνου

61 1562 127 1627 τοῦ
155 1558 257 1644 βάσιν
284 1557 346 1644 μέν
369 1563 504 1643 ἔχοντος
525 1555 587 1624 τὸν
610 1561 743 1623 ΑΒΓΔ
764 1559 905 1640 κύκλον,
933 1555 1020 1638 ύψος
1044 1558 1081 1626 δὲ

61 1663 101 1732 τὸ
122 1662 205 1733 αύτὸ
224 1667 270 1756 τῷ
289 1667 467 1755 κυλίνδρῳ.
501 1661 584 1730 ἀλλὰ
604 1661 660 1728 καὶ
679 1661 901 1749 ἐμπεριέχεται
920 1663 957 1728 ἐν
976 1659 1080 1754 αὐτῷ·

63 1768 146 1857 ὅπερ
165 1768 345 1838 άδύνατον.
369 1767 432 1836 οὐκ
450 1766 517 1856 άρα
534 1766 552 1836 ὁ
567 1767 746 1854 κύλινδρος
759 1776 820 1834 τοῦ
834 1765 946 1834 κώνου
960 1773 1080 1852 μείζων

64 1876 155 1944 ἐστὶν
179 1872 200 1962 ή
224 1874 425 1963 τριπλάσιος.

130 1982 216 2067 λέγω
240 1980 298 2068 δή,
323 1981 374 2049 ὅτι
398 1978 479 2048 οὐδὲ
502 1980 654 2047 ἐλάσσων
677 1975 698 2065 ή
722 1979 924 2066 τριπλάσιος.

133 2091 164 2156 εί
185 2086 249 2175 γὰρ
269 2087 427 2172 δυνατόν,
451 2091 543 2154 ἔστω.
580 2082 750 2152 άνάπαλιν
771 2083 836 2171 άρα
856 2081 874 2152 ὁ
893 2088 1000 2164 κώνος
1018 2088 1079 2153 τοῦ

56 2188 391 2281 ’κυλίνδρουμείζῳν
414 2193 506 2259 ἐστίν
529 2187 550 2277 ή
574 2196 687 2273 τρίτον
711 2191 810 2277 μέρος
832 2193 877 2280 τῷ
897 2196 928 2256 Ρ
946 2195 1079 2282 στερεῷ,

60 2299 117 2367 καί
148 2298 368 2386 ἐγγεγράφθω
396 2301 443 2377 είς
470 2299 532 2365 τὸν
554 2302 691 2365 ΑΒΓΔ
717 2296 842 2364 κύκλον
869 2295 1080 2383 τετράγωνον

10 2488 17 2493 -
60 2404 98 2474 τὸ
115 2411 265 2491 ΑΒΓΔ,
288 2406 344 2472 καί
367 2402 536 2472 ἀνεστάτω
556 2401 621 2471 άπὸ
641 2412 701 2471 τού
717 2408 850 2470 ΑΒΓΔ
867 2401 1080 2488 τετραγώνου

60 2510 208 2597 πυραμὶς
227 2508 370 2597 ίσουψής
387 2519 432 2601 τῷ
451 2509 557 2600 κώνῳ.
585 2506 607 2595 ή
626 2507 692 2596 άρα
710 2505 916 2596 άνεσταμένη
934 2507 1079 2596 πυραμὶς

10 2624 14 2685 .’
58 2621 183 2704 μείζων
210 2616 299 2685 ἐστίν
327 2612 347 2703 ή
375 2615 412 2684 τὸ
441 2613 545 2701 ήμισυ
571 2619 632 2683 τού
664 2611 786 2682 κώνου.
827 2609 1078 2699 τετμήσθωσαν

60 2724 102 2790 αί
112 2731 146 2790 Α
151 2728 179 2789 Β
186 2773 196 2808 ,
215 2728 292 2810 ΒΓ,
311 2727 389 2808 ΓΔ,
403 2729 469 2789 ΔΑ
482 2721 688 2808 περιφέρειαι
703 2724 778 2805 δίχα
791 2717 874 2787 κατὰ
888 2717 927 2787 τὸ
942 2725 1078 2786 ΕΖΗΘ

58 2840 194 2916 σημεῖα,
211 2828 268 2895 καὶ
288 2826 539 2915 ἐπεζεύχθωσαν
559 2829 596 2893 αί
608 2832 689 2910 ΑΕ,
708 2831 786 2909 ΕΒ,
805 2831 883 2910 ΒΖ,
904 2829 975 2908 ΖΓ,
995 2829 1077 2909 ΓΗ,

58 2940 152 3019 ΗΔ,
172 2941 253 3020 ΔΘ,
277 2941 357 3020 ΘΑ,
375 2933 431 3001 καὶ
450 2930 618 3000 ἀνεστάτω
638 2928 698 3017 ἀφ’
720 2928 861 2997 ἑκάστου
879 2939 947 2996 τών
961 2936 1077 3014 ΑΕΒ,

55 3045 168 3125 ΒΖΓ,
199 3045 322 3125 ΓΗΔ,
354 3046 457 3106 ΔΘΑ
485 3036 659 3125 τριγώνων
686 3034 831 3123 πυραμίς
858 3033 1001 3119 ίσουψής
1030 3045 1076 3126 τῷ

55 3145 168 3239 κώνῳ.
211 3145 331 3233 ἑκάστη
355 3142 420 3232 άρα
442 3147 511 3211 τών
535 3139 769 3228 άνεσταμένων
791 3142 990 3226 πυραμίδων
1009 3144 1077 3225 μεί-

56 3260 126 3336 ζων
155 3253 246 3320 ἐστὶν
274 3248 295 3339 ή
322 3254 360 3320 τὸ
389 3248 492 3338 ήμισυ
514 3253 582 3317 τῶν
604 3247 684 3316 καθ’
715 3245 797 3315 αὑτὸ
825 3243 992 3332 τμήματος
1015 3249 1076 3313 τοῦ

52 3358 182 3429 κώνου.
218 3356 374 3444 τοιαύτης
398 3353 440 3443 δή
458 3356 638 3442 γινομένης
657 3350 708 3422 άεὶ
728 3354 928 3432 ἐπισκέψεως
946 3350 1076 3439 ληφθή-

52 3471 156 3536 σεταί
184 3489 260 3533 τινα
291 3462 442 3550 τμήματα
475 3459 539 3529 άπδ
574 3471 635 3529 τοῦ
663 3457 745 3528 ὅλου
772 3457 906 3542 κώνου,
934 3454 957 3524 ἃ
988 3461 1083 3522 ἔσται

736 3558 738 3563 ,
878 3562 939 3615 W*
