2340 3818
167 178 169 182 .
211 135 486 187 murmurosum
504 135 614 186 arara
631 135 693 189 mr.
898 131 962 195 167

64 279 171 344 minus
189 277 356 362 pyramide
372 282 506 342 ΔΕΖΘ
524 283 582 343 aul
600 278 640 342 ad
659 276 773 342 maius.
810 275 853 341 sit
870 276 961 360 prius

54 388 120 450 lnus
144 390 186 469 X,
215 388 247 449 el
272 386 416 470 pyramis
442 389 577 449 ΔΕΖΘ
604 385 639 448 in
667 383 748 448 duas
774 383 961 466 pyramides

62 513 96 556 se
130 491 282 575 aequales
314 491 440 574 totique
474 489 596 554 similes
634 494 667 553 et
703 487 766 551 duo
803 487 962 571 prismala

54 596 93 661 lia
115 595 286 661 diuidalur.
331 597 442 680 itaque
466 595 529 659 duo
553 595 713 679 prismala
736 592 863 658 maiora
886 597 962 659 suni

65 702 198 767 dimidia
220 703 322 767 lolius
346 701 527 786 pyramidis
552 703 656 785 [prop.
675 699 750 782 III].
792 703 825 765 ei
848 721 961 765 rursus

54 809 128 874 rides
152 831 190 872 ex
214 807 373 872 diuisione
403 811 494 872 oriae
518 807 671 872 simililer
698 805 899 889 diuidanlur,
929 809 962 871 ei

54 935 154 997 emper
167 913 234 997 fiat,
254 913 355 979 donee
370 935 387 977 e
401 913 569 997 pyramide
585 916 719 977 ΔΕΖΘ
733 911 962 996 relinquantur

54 1020 130 1084 rides
167 1020 324 1104 quaedam
361 1019 502 1085 minores
536 1041 680 1102 excessu,
718 1041 782 1102 quo
815 1017 960 1102 pyramis

54 1130 80 1190 Θ
107 1126 231 1191 excedit
263 1127 407 1210 spatium
434 1129 465 1189 X
493 1123 550 1208 [X‚
582 1125 623 1206 1].
673 1124 900 1208 relinquantur
928 1126 962 1188 ei

55 1233 124 1296 erbi
147 1255 245 1297 eausa
265 1236 420 1315 ΔΠΡΣ,
440 1236 582 1297 ΣΤΥΘ.
614 1232 740 1316 reliqua
758 1232 860 1316 igitur
878 1232 960 1316 pris-

60 1338 237 1422 pyramidis
262 1343 397 1403 ΔΕΖΘ
425 1339 549 1404 maiora
577 1340 652 1401 sunl
681 1339 787 1420 spalio
812 1342 849 1404 X.
895 1339 960 1402 iam

74 1445 218 1528 pyramis
246 1447 389 1508 ΑΒΓΗ
417 1444 566 1509 simililer
596 1448 629 1508 el
660 1443 757 1508 solies
786 1444 960 1529 diuidatur,

583 1550 709 1634 quoties
738 1553 873 1614 ΔΕΖΘ
902 1573 960 1634 py-

582 1656 690 1720 ramis.
727 1658 823 1720 erunl
857 1656 961 1739 igilur
1001 1711 1004 1715 .

582 1767 620 1827 ul
642 1764 890 1843 ΑΒΓεΔΕΖ,
914 1761 961 1825 iia

582 1869 741 1953 prismaia
779 1850 961 1952 pyramidis

584 1978 726 2040 ΑΒΓΗ
744 1974 783 2038 ad
802 1973 961 2059 prismaia

468 2145 477 2156 ,
583 2081 760 2164 pyramidis
825 2082 960 2144 ΔΕΖΘ

585 2188 694 2270 [prop.
724 2185 796 2267 IV].
846 2207 960 2251 uerum

584 2294 965 2358 ABF2AEZ=ABI¹H

583 2404 638 2464 :X.
676 2421 776 2484 quare
800 2398 899 2464 eliam
922 2401 959 2462 ul

582 2508 723 2570 ΑΒΓΗ
732 2509 792 2588 :X,
811 2505 859 2568 ila
878 2504 959 2586 pris·

527 2608 535 2624 ⁴
583 2617 673 2674 mata
780 2609 959 2694 pyramidis

583 2718 722 2780 ΑΒΓΗ
744 2715 784 2779 ad
802 2715 960 2799 prismaia

582 2821 761 2905 pyramidis
816 2825 960 2890 ΔΕΖΘ.

54 2927 155 2991 tando
179 2928 281 3010 igilur
306 2925 434 3011 [V,1e]
460 2930 495 2991 ul
517 2926 663 3011 pyramis
683 2930 826 2993 ΑΒΓΗ
840 2928 880 2992 ad
900 2949 960 2992 sua

54 3037 108 3118 ala,
126 3034 176 3097 ita
193 3039 224 3098 X
235 3032 374 3097 solidum
394 3032 434 3097 ad
448 3032 606 3116 prismala
623 3033 799 3117 pyramidis
815 3037 959 3099 ΔΕΖΘ.

54 3139 163 3204 'ramis
178 3140 322 3202 ΑΒΓΗ
336 3138 440 3204 maior
463 3143 513 3203 est
535 3139 711 3222 prismalis.
726 3139 837 3224 itaque
861 3140 960 3204 eliam

54 3246 128 3310 dum
144 3245 248 3308 maius
264 3247 312 3308 esi
326 3245 492 3327 prismaiis
507 3245 686 3328 pyramidis
696 3249 819 3310 ΔΕΖΘ
828 3245 882 3326 [V‚
895 3246 959 3321 14].

73 3397 190 3525 1913an
208 3397 240 3471 ἡ]
261 3417 329 3455 sorr.
350 3417 384 3456 ex
402 3396 419 3469 ἡ
439 3398 496 3472 ἄρα
515 3419 550 3457 m.
572 3407 586 3455 1
606 3401 639 3469 V,
659 3397 717 3470 ἄρα
736 3396 774 3464 ὡς
791 3395 809 3470 ἡ
828 3399 859 3456 Ρ.

54 3491 79 3526 τω
123 3515 128 3527 .
