<?xml version="1.0" encoding="UTF-8"?>
<!DOCTYPE html PUBLIC "-//W3C//DTD XHTML 1.0 Transitional//EN"
    "http://www.w3.org/TR/xhtml1/DTD/xhtml1-transitional.dtd">
<html xmlns="http://www.w3.org/1999/xhtml" xml:lang="en" lang="en">
 <head>
  <title>
</title>
<meta http-equiv="Content-Type" content="text/html;charset=utf-8" />
  <meta name='ocr-system' content='tesseract 3.04.00' />
  <meta name='ocr-capabilities' content='ocr_page ocr_carea ocr_par ocr_line ocrx_word'/>
</head>
<body>
  <div class='ocr_page' id='page_1' title='image "./euclidisoperaom04unkngoog_0188.png"; bbox 0 0 2272 3796; ppageno 0'>
   <div class='ocr_carea' id='block_1_1' title="bbox 296 126 1046 199">
    <p class='ocr_par' dir='ltr' id='par_1_1' title="bbox 296 126 1046 199">
     <span class='ocr_line' id='line_1_1' title="bbox 296 126 1046 199; baseline 0.02 -14"><span class='ocrx_word' id='word_1_1' title='bbox 296 126 572 187; x_wconf 74' lang='lat' dir='ltr'><strong>mmmmroamm</strong></span> <span class='ocrx_word' id='word_1_2' title='bbox 585 136 695 186; x_wconf 75' lang='lat' dir='ltr'><strong>arama</strong></span> <span class='ocrx_word' id='word_1_3' title='bbox 712 137 774 189; x_wconf 84' lang='lat' dir='ltr'><strong>xm.</strong></span> <span class='ocrx_word' id='word_1_4' title='bbox 982 134 1046 199; x_wconf 79' lang='lat'><strong>175</strong></span> 
     </span>
    </p>
   </div>
   <div class='ocr_carea' id='block_1_2' title="bbox 39 276 1050 701">
    <p class='ocr_par' dir='ltr' id='par_1_2' title="bbox 39 276 1050 469">
     <span class='ocr_line' id='line_1_2' title="bbox 39 276 1045 365; baseline 0.005 -26"><span class='ocrx_word' id='word_1_5' title='bbox 39 288 42 357; x_wconf 62' lang='grc' dir='ltr'>ᾗ</span> <span class='ocrx_word' id='word_1_6' title='bbox 76 276 189 361; x_wconf 79' lang='lat' dir='ltr'><strong>pyramis,</strong></span> <span class='ocrx_word' id='word_1_7' title='bbox 205 277 295 342; x_wconf 85' lang='lat' dir='ltr'><strong>euius</strong></span> <span class='ocrx_word' id='word_1_8' title='bbox 309 277 399 343; x_wconf 87' lang='lat' dir='ltr'><strong>basis</strong></span> <span class='ocrx_word' id='word_1_9' title='bbox 413 281 464 342; x_wconf 81' lang='grc' dir='ltr'><strong>εεὴ</strong></span> <span class='ocrx_word' id='word_1_10' title='bbox 478 282 583 342; x_wconf 81' lang='grc' dir='ltr'><strong>ΔΕΒ</strong></span> <span class='ocrx_word' id='word_1_11' title='bbox 595 279 792 365; x_wconf 75' lang='lat' dir='ltr'><strong>triangulus,</strong></span> <span class='ocrx_word' id='word_1_12' title='bbox 809 283 921 344; x_wconf 80' lang='lat' dir='ltr'><strong>uertex</strong></span> <span class='ocrx_word' id='word_1_13' title='bbox 937 284 1045 345; x_wconf 75' lang='lat' dir='ltr'><strong>erstem</strong></span> 
     </span>
     <span class='ocr_line' id='line_1_3' title="bbox 39 381 1050 470; baseline 0.013 -30"><span class='ocrx_word' id='word_1_14' title='bbox 39 382 42 435; x_wconf 74' lang='grc' dir='ltr'><strong>ἔ</strong></span> <span class='ocrx_word' id='word_1_15' title='bbox 76 381 97 440; x_wconf 89' lang='grc' dir='ltr'><em>Γ</em></span> <span class='ocrx_word' id='word_1_16' title='bbox 103 386 181 462; x_wconf 78' lang='lat' dir='ltr'><strong>punct</strong></span> <span class='ocrx_word' id='word_1_17' title='bbox 181 406 242 469; x_wconf 85' lang='lat' dir='ltr'><strong>um,</strong></span> <span class='ocrx_word' id='word_1_18' title='bbox 260 384 373 450; x_wconf 81' lang='lat' dir='ltr'><strong>eadem</strong></span> <span class='ocrx_word' id='word_1_19' title='bbox 388 387 440 449; x_wconf 89' lang='grc' dir='ltr'><strong>εεὴ</strong></span> <span class='ocrx_word' id='word_1_20' title='bbox 453 406 491 449; x_wconf 80' lang='lat' dir='ltr'><strong>ae</strong></span> <span class='ocrx_word' id='word_1_21' title='bbox 504 385 657 470; x_wconf 86' lang='lat' dir='ltr'><strong>pyramis,</strong></span> <span class='ocrx_word' id='word_1_22' title='bbox 676 385 765 450; x_wconf 86' lang='lat' dir='ltr'><strong>cuius</strong></span> <span class='ocrx_word' id='word_1_23' title='bbox 780 384 869 450; x_wconf 89' lang='lat' dir='ltr'><strong>basis</strong></span> <span class='ocrx_word' id='word_1_24' title='bbox 884 389 935 450; x_wconf 79' lang='lat' dir='ltr'><strong>est</strong></span> <span class='ocrx_word' id='word_1_25' title='bbox 948 390 1010 451; x_wconf 84' lang='grc' dir='ltr'><strong>ΕΒ</strong></span> <span class='ocrx_word' id='word_1_26' title='bbox 1018 390 1050 453; x_wconf 90' lang='grc' dir='ltr'>Γ</span> 
     </span>
    </p>

    <p class='ocr_par' dir='ltr' id='par_1_3' title="bbox 39 486 1046 701">
     <span class='ocr_line' id='line_1_4' title="bbox 39 486 1044 577; baseline 0.01 -28.438"><span class='ocrx_word' id='word_1_27' title='bbox 39 486 225 577; x_wconf 67' lang='lat' dir='ltr'><strong>{triangulus</strong></span> <span class='ocrx_word' id='word_1_28' title='bbox 243 495 357 556; x_wconf 73' lang='lat' dir='ltr'><strong>uertex</strong></span> <span class='ocrx_word' id='word_1_29' title='bbox 375 495 484 557; x_wconf 78' lang='lat' dir='ltr'><strong>autem</strong></span> <span class='ocrx_word' id='word_1_30' title='bbox 503 497 537 556; x_wconf 99' lang='lat' dir='ltr'><em>A</em></span> <span class='ocrx_word' id='word_1_31' title='bbox 554 497 724 576; x_wconf 81' lang='lat' dir='ltr'><strong>punctum3</strong></span> <span class='ocrx_word' id='word_1_32' title='bbox 746 514 823 557; x_wconf 86' lang='lat' dir='ltr'><strong>nam</strong></span> <span class='ocrx_word' id='word_1_33' title='bbox 842 492 957 556; x_wconf 89' lang='lat' dir='ltr'><strong>iisdem</strong></span> <span class='ocrx_word' id='word_1_34' title='bbox 976 494 1044 576; x_wconf 88' lang='lat' dir='ltr'><strong>pla-</strong></span> 
     </span>
     <span class='ocr_line' id='line_1_5' title="bbox 39 566 1046 701; baseline 0.009 -48"><span class='ocrx_word' id='word_1_35' title='bbox 39 566 42 701; x_wconf 55' lang='lat' dir='ltr'><strong>i</strong></span> <span class='ocrx_word' id='word_1_36' title='bbox 74 592 108 656; x_wconf 85' lang='lat' dir='ltr'><strong>ris</strong></span> <span class='ocrx_word' id='word_1_37' title='bbox 125 598 321 664; x_wconf 75' lang='lat' dir='ltr'><strong>eontinentur.</strong></span> <span class='ocrx_word' id='word_1_38' title='bbox 353 619 453 682; x_wconf 84' lang='lat' dir='ltr'><strong>quare</strong></span> <span class='ocrx_word' id='word_1_39' title='bbox 476 597 575 663; x_wconf 79' lang='lat' dir='ltr'><strong>eiiam</strong></span> <span class='ocrx_word' id='word_1_40' title='bbox 598 596 751 682; x_wconf 85' lang='lat' dir='ltr'><strong>pyramis,</strong></span> <span class='ocrx_word' id='word_1_41' title='bbox 774 597 866 662; x_wconf 84' lang='lat' dir='ltr'><strong>euius</strong></span> <span class='ocrx_word' id='word_1_42' title='bbox 884 598 975 662; x_wconf 87' lang='lat' dir='ltr'><strong>basis</strong></span> <span class='ocrx_word' id='word_1_43' title='bbox 995 602 1046 664; x_wconf 85' lang='grc' dir='ltr'><strong>εεὴ</strong></span> 
     </span>
    </p>
   </div>
   <div class='ocr_carea' id='block_1_3' title="bbox 39 705 1049 3236">
    <p class='ocr_par' dir='ltr' id='par_1_4' title="bbox 483 705 1044 789">
     <span class='ocr_line' id='line_1_6' title="bbox 483 705 1044 789; baseline 0.002 -21"><span class='ocrx_word' id='word_1_44' title='bbox 483 708 588 768; x_wconf 88' lang='grc' dir='ltr'><strong>ΑΒΔ</strong></span> <span class='ocrx_word' id='word_1_45' title='bbox 602 705 795 789; x_wconf 75' lang='lat' dir='ltr'><strong>triangulus,</strong></span> <span class='ocrx_word' id='word_1_46' title='bbox 809 709 922 769; x_wconf 79' lang='lat' dir='ltr'><strong>uertex</strong></span> <span class='ocrx_word' id='word_1_47' title='bbox 937 707 1044 770; x_wconf 78' lang='lat' dir='ltr'><strong>autem</strong></span> 
     </span>
    </p>

    <p class='ocr_par' dir='ltr' id='par_1_5' title="bbox 483 811 1044 896">
     <span class='ocr_line' id='line_1_7' title="bbox 483 811 1044 896; baseline 0 -21"><span class='ocrx_word' id='word_1_48' title='bbox 483 813 516 875; x_wconf 90' lang='grc' dir='ltr'><strong><em>Γ</em></strong></span> <span class='ocrx_word' id='word_1_49' title='bbox 538 813 708 895; x_wconf 75' lang='lat' dir='ltr'><strong>punctum,</strong></span> <span class='ocrx_word' id='word_1_50' title='bbox 737 811 882 896; x_wconf 88' lang='lat' dir='ltr'><strong>aequalis</strong></span> <span class='ocrx_word' id='word_1_51' title='bbox 911 816 961 875; x_wconf 74' lang='lat' dir='ltr'><strong>est</strong></span> <span class='ocrx_word' id='word_1_52' title='bbox 988 833 1044 896; x_wconf 92' lang='lat' dir='ltr'><strong>py-</strong></span> 
     </span>
    </p>

    <p class='ocr_par' dir='ltr' id='par_1_6' title="bbox 342 916 1049 1000">
     <span class='ocr_line' id='line_1_8' title="bbox 342 916 1049 1000; baseline 0.006 -21"><span class='ocrx_word' id='word_1_53' title='bbox 342 918 351 945; x_wconf 82' lang='lat'><strong><em>¹</em></strong></span> <span class='ocrx_word' id='word_1_54' title='bbox 483 916 614 1000; x_wconf 84' lang='lat' dir='ltr'><strong>remidi,</strong></span> <span class='ocrx_word' id='word_1_55' title='bbox 642 918 731 982; x_wconf 87' lang='lat' dir='ltr'><strong>euius</strong></span> <span class='ocrx_word' id='word_1_56' title='bbox 759 917 848 982; x_wconf 86' lang='lat' dir='ltr'><strong>basis</strong></span> <span class='ocrx_word' id='word_1_57' title='bbox 873 921 923 982; x_wconf 78' lang='grc' dir='ltr'><strong>θεὴ</strong></span> <span class='ocrx_word' id='word_1_58' title='bbox 949 921 1049 983; x_wconf 85' lang='grc' dir='ltr'><strong>ΕΒΓ</strong></span> 
     </span>
    </p>

    <p class='ocr_par' dir='ltr' id='par_1_7' title="bbox 482 1022 1044 1107">
     <span class='ocr_line' id='line_1_9' title="bbox 482 1022 1044 1107; baseline 0.005 -21"><span class='ocrx_word' id='word_1_59' title='bbox 482 1022 682 1107; x_wconf 78' lang='lat' dir='ltr'><strong>triangulus,</strong></span> <span class='ocrx_word' id='word_1_60' title='bbox 718 1028 832 1089; x_wconf 74' lang='lat' dir='ltr'><strong>uertex</strong></span> <span class='ocrx_word' id='word_1_61' title='bbox 869 1028 977 1089; x_wconf 77' lang='lat' dir='ltr'><strong>autem</strong></span> <span class='ocrx_word' id='word_1_62' title='bbox 1011 1030 1044 1089; x_wconf 94' lang='lat' dir='ltr'><em>A</em></span> 
     </span>
    </p>

    <p class='ocr_par' dir='ltr' id='par_1_8' title="bbox 482 1131 1043 1215">
     <span class='ocr_line' id='line_1_10' title="bbox 482 1131 1043 1215; baseline 0.005 -22"><span class='ocrx_word' id='word_1_63' title='bbox 482 1132 647 1212; x_wconf 78' lang='lat' dir='ltr'><strong>punctum.</strong></span> <span class='ocrx_word' id='word_1_64' title='bbox 669 1152 787 1195; x_wconf 86' lang='lat' dir='ltr'><strong>rursus</strong></span> <span class='ocrx_word' id='word_1_65' title='bbox 802 1131 956 1215; x_wconf 86' lang='lat' dir='ltr'><strong>quoniam</strong></span> <span class='ocrx_word' id='word_1_66' title='bbox 971 1154 1043 1215; x_wconf 86' lang='lat' dir='ltr'><strong>par-</strong></span> 
     </span>
    </p>

    <p class='ocr_par' dir='ltr' id='par_1_9' title="bbox 483 1234 1044 1323">
     <span class='ocr_line' id='line_1_11' title="bbox 483 1234 1044 1323; baseline 0.005 -23"><span class='ocrx_word' id='word_1_67' title='bbox 483 1234 765 1320; x_wconf 81' lang='lat' dir='ltr'><strong>allelogrammum</strong></span> <span class='ocrx_word' id='word_1_68' title='bbox 784 1241 834 1302; x_wconf 83' lang='grc' dir='ltr'><strong>εεὴ</strong></span> <span class='ocrx_word' id='word_1_69' title='bbox 849 1241 991 1323; x_wconf 84' lang='grc' dir='ltr'>ΖΓΒΕ,</span> <span class='ocrx_word' id='word_1_70' title='bbox 1011 1242 1044 1303; x_wconf 85' lang='grc' dir='ltr'><strong>εὴ</strong></span> 
     </span>
    </p>

    <p class='ocr_par' dir='ltr' id='par_1_10' title="bbox 482 1340 1045 1428">
     <span class='ocr_line' id='line_1_12' title="bbox 482 1340 1045 1428; baseline 0.002 -22"><span class='ocrx_word' id='word_1_71' title='bbox 482 1340 659 1407; x_wconf 77' lang='lat' dir='ltr'><strong>diametrus</strong></span> <span class='ocrx_word' id='word_1_72' title='bbox 688 1342 757 1406; x_wconf 89' lang='lat' dir='ltr'><strong>eius</strong></span> <span class='ocrx_word' id='word_1_73' title='bbox 789 1345 839 1407; x_wconf 83' lang='grc' dir='ltr'><strong>εεὴ</strong></span> <span class='ocrx_word' id='word_1_74' title='bbox 863 1346 935 1428; x_wconf 86' lang='grc' dir='ltr'><strong>ΓΕ,</strong></span> <span class='ocrx_word' id='word_1_75' title='bbox 982 1344 1045 1409; x_wconf 76' lang='lat' dir='ltr'><strong>erit</strong></span> 
     </span>
    </p>

    <p class='ocr_par' dir='ltr' id='par_1_11' title="bbox 483 1448 1043 1535">
     <span class='ocr_line' id='line_1_13' title="bbox 483 1448 1043 1535; baseline 0.002 -22"><span class='ocrx_word' id='word_1_76' title='bbox 483 1451 568 1514; x_wconf 84' lang='grc' dir='ltr'><strong>ΙἘΖ</strong></span> <span class='ocrx_word' id='word_1_77' title='bbox 583 1479 626 1501; x_wconf 87' lang='grc'><strong>--</strong></span> <span class='ocrx_word' id='word_1_78' title='bbox 641 1452 731 1513; x_wconf 86' lang='grc' dir='ltr'><strong>ΓΒΕ</strong></span> <span class='ocrx_word' id='word_1_79' title='bbox 758 1448 801 1533; x_wconf 86' lang='grc'><strong>[1,</strong></span> <span class='ocrx_word' id='word_1_80' title='bbox 830 1449 897 1531; x_wconf 86' lang='grc'>34].</span> <span class='ocrx_word' id='word_1_81' title='bbox 944 1472 1043 1535; x_wconf 88' lang='lat' dir='ltr'><strong>quare</strong></span> 
     </span>
    </p>

    <p class='ocr_par' dir='ltr' id='par_1_12' title="bbox 368 1543 1044 1640">
     <span class='ocr_line' id='line_1_14' title="bbox 368 1543 1044 1640; baseline 0.001 -20"><span class='ocrx_word' id='word_1_82' title='bbox 368 1554 371 1560; x_wconf 84' lang='grc'><strong>’</strong></span> <span class='ocrx_word' id='word_1_83' title='bbox 416 1543 437 1599; x_wconf 72' lang='grc' dir='ltr'><em>Α</em></span> <span class='ocrx_word' id='word_1_84' title='bbox 483 1555 581 1620; x_wconf 75' lang='lat' dir='ltr'><strong>etiam</strong></span> <span class='ocrx_word' id='word_1_85' title='bbox 600 1556 753 1640; x_wconf 82' lang='lat' dir='ltr'><strong>pyramis,</strong></span> <span class='ocrx_word' id='word_1_86' title='bbox 777 1557 866 1620; x_wconf 87' lang='lat' dir='ltr'><strong>euius</strong></span> <span class='ocrx_word' id='word_1_87' title='bbox 885 1558 975 1621; x_wconf 86' lang='lat' dir='ltr'><strong>basis</strong></span> <span class='ocrx_word' id='word_1_88' title='bbox 995 1562 1044 1621; x_wconf 81' lang='lat' dir='ltr'><strong>est</strong></span> 
     </span>
    </p>

    <p class='ocr_par' dir='ltr' id='par_1_13' title="bbox 68 1649 1044 1747">
     <span class='ocr_line' id='line_1_15' title="bbox 68 1649 1044 1747; baseline 0.003 -24"><span class='ocrx_word' id='word_1_89' title='bbox 68 1649 133 1723; x_wconf 78' lang='grc' dir='ltr'><strong>ΒΓΕ</strong></span> <span class='ocrx_word' id='word_1_90' title='bbox 142 1661 333 1746; x_wconf 74' lang='lat' dir='ltr'><strong>iriengulus,</strong></span> <span class='ocrx_word' id='word_1_91' title='bbox 351 1663 463 1726; x_wconf 73' lang='lat' dir='ltr'><strong>uertex</strong></span> <span class='ocrx_word' id='word_1_92' title='bbox 478 1666 586 1727; x_wconf 76' lang='lat' dir='ltr'><strong>autem</strong></span> <span class='ocrx_word' id='word_1_93' title='bbox 600 1665 634 1725; x_wconf 95' lang='lat' dir='ltr'><em>A</em></span> <span class='ocrx_word' id='word_1_94' title='bbox 648 1665 813 1747; x_wconf 76' lang='lat' dir='ltr'><strong>punctum,</strong></span> <span class='ocrx_word' id='word_1_95' title='bbox 832 1662 977 1746; x_wconf 90' lang='lat' dir='ltr'><strong>aequalis</strong></span> <span class='ocrx_word' id='word_1_96' title='bbox 993 1665 1044 1726; x_wconf 79' lang='lat' dir='ltr'><strong>est</strong></span> 
     </span>
    </p>

    <p class='ocr_par' dir='ltr' id='par_1_14' title="bbox 64 1751 1043 1852">
     <span class='ocr_line' id='line_1_16' title="bbox 64 1751 1043 1852; baseline -0.004 -18"><span class='ocrx_word' id='word_1_97' title='bbox 64 1751 199 1852; x_wconf 69' lang='lat' dir='ltr'><strong>Priami,</strong></span> <span class='ocrx_word' id='word_1_98' title='bbox 213 1767 304 1832; x_wconf 88' lang='lat' dir='ltr'><strong>euius</strong></span> <span class='ocrx_word' id='word_1_99' title='bbox 318 1767 408 1833; x_wconf 83' lang='lat' dir='ltr'><strong>basis</strong></span> <span class='ocrx_word' id='word_1_100' title='bbox 423 1771 473 1832; x_wconf 76' lang='lat' dir='ltr'><strong>esi</strong></span> <span class='ocrx_word' id='word_1_101' title='bbox 487 1770 585 1832; x_wconf 82' lang='grc' dir='ltr'><strong>ΕΓΖ</strong></span> <span class='ocrx_word' id='word_1_102' title='bbox 599 1768 793 1852; x_wconf 79' lang='lat' dir='ltr'><strong>triangulus,</strong></span> <span class='ocrx_word' id='word_1_103' title='bbox 808 1771 920 1832; x_wconf 78' lang='lat' dir='ltr'><strong>uertex</strong></span> <span class='ocrx_word' id='word_1_104' title='bbox 934 1770 1043 1833; x_wconf 78' lang='lat' dir='ltr'><strong>autem</strong></span> 
     </span>
    </p>

    <p class='ocr_par' dir='ltr' id='par_1_15' title="bbox 59 1867 1043 1958">
     <span class='ocr_line' id='line_1_17' title="bbox 59 1867 1043 1958; baseline 0 -22"><span class='ocrx_word' id='word_1_105' title='bbox 59 1867 243 1951; x_wconf 70' lang='lat' dir='ltr'><strong>Apunerum.</strong></span> <span class='ocrx_word' id='word_1_106' title='bbox 280 1874 572 1939; x_wconf 78' lang='lat' dir='ltr'><strong>demonstrauimus</strong></span> <span class='ocrx_word' id='word_1_107' title='bbox 588 1876 706 1958; x_wconf 71' lang='lat' dir='ltr'><strong>autem,</strong></span> <span class='ocrx_word' id='word_1_108' title='bbox 724 1873 934 1957; x_wconf 82' lang='lat' dir='ltr'><strong>pyramidem,</strong></span> <span class='ocrx_word' id='word_1_109' title='bbox 953 1872 1043 1937; x_wconf 87' lang='lat' dir='ltr'><strong>euius</strong></span> 
     </span>
    </p>

    <p class='ocr_par' dir='ltr' id='par_1_16' title="bbox 56 1961 1042 2066">
     <span class='ocr_line' id='line_1_18' title="bbox 56 1961 1042 2066; baseline 0.002 -26"><span class='ocrx_word' id='word_1_110' title='bbox 56 1961 121 2044; x_wconf 78' lang='lat' dir='ltr'><strong>basis</strong></span> <span class='ocrx_word' id='word_1_111' title='bbox 141 1982 183 2046; x_wconf 79' lang='lat' dir='ltr'><strong>sit</strong></span> <span class='ocrx_word' id='word_1_112' title='bbox 206 1984 307 2046; x_wconf 82' lang='grc' dir='ltr'><strong>,ΒΓΕ</strong></span> <span class='ocrx_word' id='word_1_113' title='bbox 327 1981 524 2066; x_wconf 75' lang='lat' dir='ltr'><strong>triangulus,</strong></span> <span class='ocrx_word' id='word_1_114' title='bbox 554 1984 667 2046; x_wconf 76' lang='lat' dir='ltr'><strong>uertex</strong></span> <span class='ocrx_word' id='word_1_115' title='bbox 690 1984 798 2045; x_wconf 76' lang='lat' dir='ltr'><strong>autem</strong></span> <span class='ocrx_word' id='word_1_116' title='bbox 823 1983 856 2042; x_wconf 97' lang='lat' dir='ltr'><em>A</em></span> <span class='ocrx_word' id='word_1_117' title='bbox 879 1983 1042 2064; x_wconf 76' lang='lat' dir='ltr'><strong>punctum,</strong></span> 
     </span>
    </p>

    <p class='ocr_par' dir='ltr' id='par_1_17' title="bbox 49 2086 1042 2171">
     <span class='ocr_line' id='line_1_19' title="bbox 49 2086 1042 2171; baseline -0.003 -19"><span class='ocrx_word' id='word_1_118' title='bbox 49 2088 196 2168; x_wconf 62' lang='lat' dir='ltr'><strong>aequalem</strong></span> <span class='ocrx_word' id='word_1_119' title='bbox 225 2108 295 2152; x_wconf 89' lang='lat' dir='ltr'><strong>esse</strong></span> <span class='ocrx_word' id='word_1_120' title='bbox 322 2086 493 2171; x_wconf 87' lang='lat' dir='ltr'>pyramidi,</span> <span class='ocrx_word' id='word_1_121' title='bbox 521 2086 610 2151; x_wconf 86' lang='lat' dir='ltr'><strong>euius</strong></span> <span class='ocrx_word' id='word_1_122' title='bbox 638 2086 726 2151; x_wconf 85' lang='lat' dir='ltr'><strong>basis</strong></span> <span class='ocrx_word' id='word_1_123' title='bbox 755 2087 798 2151; x_wconf 82' lang='grc' dir='ltr'><strong>είὴ</strong></span> <span class='ocrx_word' id='word_1_124' title='bbox 821 2090 921 2150; x_wconf 85' lang='grc' dir='ltr'><strong>ΑΒΔ</strong></span> <span class='ocrx_word' id='word_1_125' title='bbox 944 2086 1042 2150; x_wconf 78' lang='lat' dir='ltr'><strong>trian-</strong></span> 
     </span>
    </p>

    <p class='ocr_par' dir='ltr' id='par_1_18' title="bbox 42 2188 1043 2278">
     <span class='ocr_line' id='line_1_20' title="bbox 42 2188 1043 2278; baseline 0.004 -24"><span class='ocrx_word' id='word_1_126' title='bbox 42 2188 136 2277; x_wconf 70' lang='lat' dir='ltr'><strong>gulus,</strong></span> <span class='ocrx_word' id='word_1_127' title='bbox 153 2197 266 2259; x_wconf 75' lang='lat' dir='ltr'><strong>uertex</strong></span> <span class='ocrx_word' id='word_1_128' title='bbox 285 2196 395 2257; x_wconf 79' lang='lat' dir='ltr'><strong>autem</strong></span> <span class='ocrx_word' id='word_1_129' title='bbox 409 2195 615 2277; x_wconf 66' lang='lat' dir='ltr'><strong>spumarum.</strong></span> <span class='ocrx_word' id='word_1_130' title='bbox 652 2214 752 2278; x_wconf 83' lang='lat' dir='ltr'><strong>quere</strong></span> <span class='ocrx_word' id='word_1_131' title='bbox 771 2192 869 2256; x_wconf 79' lang='lat' dir='ltr'><strong>eiiam</strong></span> <span class='ocrx_word' id='word_1_132' title='bbox 888 2193 1043 2278; x_wconf 87' lang='lat' dir='ltr'><strong>pyramis,</strong></span> 
     </span>
    </p>

    <p class='ocr_par' dir='ltr' id='par_1_19' title="bbox 42 2297 1043 2384">
     <span class='ocr_line' id='line_1_21' title="bbox 42 2297 1043 2384; baseline 0.006 -28"><span class='ocrx_word' id='word_1_133' title='bbox 42 2297 120 2364; x_wconf 75' lang='lat' dir='ltr'><strong>euius</strong></span> <span class='ocrx_word' id='word_1_134' title='bbox 151 2301 239 2365; x_wconf 86' lang='lat' dir='ltr'><strong>basis</strong></span> <span class='ocrx_word' id='word_1_135' title='bbox 274 2303 323 2364; x_wconf 77' lang='lat' dir='ltr'><strong>esi</strong></span> <span class='ocrx_word' id='word_1_136' title='bbox 354 2302 450 2363; x_wconf 85' lang='grc' dir='ltr'><strong>ΓΒΖ</strong></span> <span class='ocrx_word' id='word_1_137' title='bbox 483 2299 681 2384; x_wconf 78' lang='lat' dir='ltr'><strong>triangulus,</strong></span> <span class='ocrx_word' id='word_1_138' title='bbox 717 2303 830 2365; x_wconf 75' lang='lat' dir='ltr'><strong>uertex</strong></span> <span class='ocrx_word' id='word_1_139' title='bbox 867 2303 976 2364; x_wconf 76' lang='lat' dir='ltr'><strong>autem</strong></span> <span class='ocrx_word' id='word_1_140' title='bbox 1010 2303 1043 2362; x_wconf 97' lang='lat' dir='ltr'><em>A</em></span> 
     </span>
    </p>

    <p class='ocr_par' dir='ltr' id='par_1_20' title="bbox 39 2405 1043 2491">
     <span class='ocr_line' id='line_1_22' title="bbox 39 2405 1043 2491; baseline 0 -21"><span class='ocrx_word' id='word_1_141' title='bbox 39 2410 193 2491; x_wconf 72' lang='lat' dir='ltr'><strong>punctum,</strong></span> <span class='ocrx_word' id='word_1_142' title='bbox 216 2406 360 2489; x_wconf 86' lang='lat' dir='ltr'><strong>aequalis</strong></span> <span class='ocrx_word' id='word_1_143' title='bbox 384 2408 435 2470; x_wconf 78' lang='grc' dir='ltr'><strong>εεὴ</strong></span> <span class='ocrx_word' id='word_1_144' title='bbox 457 2405 627 2490; x_wconf 81' lang='lat' dir='ltr'><strong>pyramidi,</strong></span> <span class='ocrx_word' id='word_1_145' title='bbox 649 2407 739 2472; x_wconf 90' lang='lat' dir='ltr'><strong>euius</strong></span> <span class='ocrx_word' id='word_1_146' title='bbox 762 2407 851 2471; x_wconf 88' lang='lat' dir='ltr'><strong>basis</strong></span> <span class='ocrx_word' id='word_1_147' title='bbox 875 2410 925 2471; x_wconf 79' lang='grc' dir='ltr'><strong>θεὴ</strong></span> <span class='ocrx_word' id='word_1_148' title='bbox 943 2410 1043 2471; x_wconf 88' lang='grc' dir='ltr'><strong>ΑΒΔ</strong></span> 
     </span>
    </p>

    <p class='ocr_par' dir='ltr' id='par_1_21' title="bbox 41 2510 1042 2598">
     <span class='ocr_line' id='line_1_23' title="bbox 41 2510 1042 2598; baseline 0.001 -23"><span class='ocrx_word' id='word_1_149' title='bbox 41 2510 227 2598; x_wconf 68' lang='lat' dir='ltr'><strong>triangulus,</strong></span> <span class='ocrx_word' id='word_1_150' title='bbox 259 2515 369 2577; x_wconf 84' lang='lat' dir='ltr'><strong>uertex</strong></span> <span class='ocrx_word' id='word_1_151' title='bbox 404 2515 512 2577; x_wconf 77' lang='lat' dir='ltr'><strong>autem</strong></span> <span class='ocrx_word' id='word_1_152' title='bbox 540 2515 572 2576; x_wconf 92' lang='grc' dir='ltr'><strong><em>Γ</em></strong></span> <span class='ocrx_word' id='word_1_153' title='bbox 593 2516 758 2596; x_wconf 81' lang='lat' dir='ltr'><strong>punctum.</strong></span> <span class='ocrx_word' id='word_1_154' title='bbox 809 2533 887 2598; x_wconf 82' lang='lat' dir='ltr'><strong>ergo</strong></span> <span class='ocrx_word' id='word_1_155' title='bbox 920 2513 1042 2597; x_wconf 90' lang='lat' dir='ltr'><strong>prisma</strong></span> 
     </span>
    </p>

    <p class='ocr_par' dir='ltr' id='par_1_22' title="bbox 40 2618 1043 2811">
     <span class='ocr_line' id='line_1_24' title="bbox 42 2618 1043 2704; baseline 0 -21"><span class='ocrx_word' id='word_1_156' title='bbox 42 2623 229 2685; x_wconf 84' lang='grc' dir='ltr'><em>ΑΒΓΔΕΖ</em></span> <span class='ocrx_word' id='word_1_157' title='bbox 261 2619 296 2683; x_wconf 89' lang='lat' dir='ltr'><strong>in</strong></span> <span class='ocrx_word' id='word_1_158' title='bbox 327 2623 394 2683; x_wconf 73' lang='lat' dir='ltr'><strong>ares</strong></span> <span class='ocrx_word' id='word_1_159' title='bbox 426 2618 611 2703; x_wconf 83' lang='lat' dir='ltr'><strong>pyramides</strong></span> <span class='ocrx_word' id='word_1_160' title='bbox 644 2619 794 2704; x_wconf 85' lang='lat' dir='ltr'><strong>aequales</strong></span> <span class='ocrx_word' id='word_1_161' title='bbox 825 2618 965 2683; x_wconf 89' lang='lat' dir='ltr'><strong>diuisum</strong></span> <span class='ocrx_word' id='word_1_162' title='bbox 994 2623 1043 2683; x_wconf 77' lang='lat' dir='ltr'><strong>est</strong></span> 
     </span>
     <span class='ocr_line' id='line_1_25' title="bbox 40 2724 519 2811; baseline 0 -23"><span class='ocrx_word' id='word_1_163' title='bbox 40 2725 210 2811; x_wconf 79' lang='lat' dir='ltr'><strong>triangulas</strong></span> <span class='ocrx_word' id='word_1_164' title='bbox 236 2725 328 2789; x_wconf 90' lang='lat' dir='ltr'><strong>bases</strong></span> <span class='ocrx_word' id='word_1_165' title='bbox 351 2724 519 2789; x_wconf 72' lang='lat' dir='ltr'><strong>habentes.</strong></span> 
     </span>
    </p>

    <p class='ocr_par' dir='ltr' id='par_1_23' title="bbox 95 2829 1042 2916">
     <span class='ocr_line' id='line_1_26' title="bbox 95 2829 1042 2916; baseline -0.002 -19"><span class='ocrx_word' id='word_1_166' title='bbox 95 2836 129 2897; x_wconf 83' lang='grc' dir='ltr'><strong>εὴ</strong></span> <span class='ocrx_word' id='word_1_167' title='bbox 143 2831 297 2916; x_wconf 88' lang='lat' dir='ltr'><strong>quoniam</strong></span> <span class='ocrx_word' id='word_1_168' title='bbox 311 2831 464 2915; x_wconf 81' lang='lat' dir='ltr'><strong>pyramis,</strong></span> <span class='ocrx_word' id='word_1_169' title='bbox 479 2831 567 2896; x_wconf 88' lang='lat' dir='ltr'><strong>euius</strong></span> <span class='ocrx_word' id='word_1_170' title='bbox 582 2831 670 2895; x_wconf 89' lang='lat' dir='ltr'><strong>basis</strong></span> <span class='ocrx_word' id='word_1_171' title='bbox 681 2833 730 2895; x_wconf 82' lang='grc' dir='ltr'><strong>εεὴ</strong></span> <span class='ocrx_word' id='word_1_172' title='bbox 739 2834 842 2894; x_wconf 87' lang='grc' dir='ltr'><strong>ΑΒΔ</strong></span> <span class='ocrx_word' id='word_1_173' title='bbox 851 2829 1042 2915; x_wconf 76' lang='lat' dir='ltr'><strong>triangulus,</strong></span> 
     </span>
    </p>

    <p class='ocr_par' dir='ltr' id='par_1_24' title="bbox 39 2937 1042 3021">
     <span class='ocr_line' id='line_1_27' title="bbox 39 2937 1042 3021; baseline -0.002 -19"><span class='ocrx_word' id='word_1_174' title='bbox 39 2943 140 3004; x_wconf 73' lang='lat' dir='ltr'><strong>uertex</strong></span> <span class='ocrx_word' id='word_1_175' title='bbox 160 2941 269 3003; x_wconf 77' lang='lat' dir='ltr'><strong>autem</strong></span> <span class='ocrx_word' id='word_1_176' title='bbox 289 2940 321 3001; x_wconf 89' lang='grc' dir='ltr'><strong><em>Γ</em></strong></span> <span class='ocrx_word' id='word_1_177' title='bbox 334 2940 498 3021; x_wconf 75' lang='lat' dir='ltr'><strong>punctum,</strong></span> <span class='ocrx_word' id='word_1_178' title='bbox 523 2937 633 3002; x_wconf 86' lang='lat' dir='ltr'><strong>eadem</strong></span> <span class='ocrx_word' id='word_1_179' title='bbox 653 2939 703 3001; x_wconf 82' lang='grc' dir='ltr'><strong>εεὴ</strong></span> <span class='ocrx_word' id='word_1_180' title='bbox 722 2959 759 3002; x_wconf 86' lang='lat' dir='ltr'><strong>ae</strong></span> <span class='ocrx_word' id='word_1_181' title='bbox 777 2937 933 3021; x_wconf 85' lang='lat' dir='ltr'><strong>pyramis,</strong></span> <span class='ocrx_word' id='word_1_182' title='bbox 953 2937 1042 3002; x_wconf 86' lang='lat' dir='ltr'><strong>cuius</strong></span> 
     </span>
    </p>

    <p class='ocr_par' dir='ltr' id='par_1_25' title="bbox 39 3044 1041 3127">
     <span class='ocr_line' id='line_1_28' title="bbox 39 3044 1041 3127; baseline -0.001 -19"><span class='ocrx_word' id='word_1_183' title='bbox 39 3046 116 3110; x_wconf 80' lang='lat' dir='ltr'><strong>basis</strong></span> <span class='ocrx_word' id='word_1_184' title='bbox 141 3047 192 3109; x_wconf 80' lang='grc' dir='ltr'><strong>εεὴ</strong></span> <span class='ocrx_word' id='word_1_185' title='bbox 214 3047 308 3108; x_wconf 91' lang='grc' dir='ltr'><strong>ΓΑΒ</strong></span> <span class='ocrx_word' id='word_1_186' title='bbox 331 3044 529 3127; x_wconf 80' lang='lat' dir='ltr'><strong>triangulus,</strong></span> <span class='ocrx_word' id='word_1_187' title='bbox 556 3046 669 3107; x_wconf 77' lang='lat' dir='ltr'><strong>uertex</strong></span> <span class='ocrx_word' id='word_1_188' title='bbox 697 3047 805 3108; x_wconf 75' lang='lat' dir='ltr'><strong>autem</strong></span> <span class='ocrx_word' id='word_1_189' title='bbox 830 3046 863 3105; x_wconf 97' lang='lat' dir='ltr'><em>A</em></span> <span class='ocrx_word' id='word_1_190' title='bbox 885 3048 1041 3127; x_wconf 77' lang='lat' dir='ltr'><strong>punctum</strong></span> 
     </span>
    </p>

    <p class='ocr_par' dir='ltr' id='par_1_26' title="bbox 39 3147 1041 3236">
     <span class='ocr_line' id='line_1_29' title="bbox 39 3147 1041 3236; baseline -0.003 -20"><span class='ocrx_word' id='word_1_191' title='bbox 39 3151 120 3236; x_wconf 71' lang='lat' dir='ltr'><strong>[nam</strong></span> <span class='ocrx_word' id='word_1_192' title='bbox 148 3151 262 3216; x_wconf 87' lang='lat' dir='ltr'><strong>iisdem</strong></span> <span class='ocrx_word' id='word_1_193' title='bbox 290 3150 396 3234; x_wconf 85' lang='lat' dir='ltr'><strong>planis</strong></span> <span class='ocrx_word' id='word_1_194' title='bbox 425 3147 657 3236; x_wconf 78' lang='lat' dir='ltr'><strong>eontinentur),</strong></span> <span class='ocrx_word' id='word_1_195' title='bbox 689 3150 890 3235; x_wconf 87' lang='lat' dir='ltr'><strong>pyramidem</strong></span> <span class='ocrx_word' id='word_1_196' title='bbox 924 3154 1041 3231; x_wconf 77' lang='lat' dir='ltr'><strong>autem,</strong></span> 
     </span>
    </p>
   </div>
   <div class='ocr_carea' id='block_1_4' title="bbox 102 3391 1039 3537">
    <p class='ocr_par' dir='ltr' id='par_1_27' title="bbox 102 3391 1039 3537">
     <span class='ocr_line' id='line_1_30' title="bbox 119 3391 1039 3537; baseline -0.008 -84.328"><span class='ocrx_word' id='word_1_197' title='bbox 119 3391 340 3537; x_wconf 49' lang='lat' dir='ltr'><strong>p&lt;pr1ua)</strong></span> <span class='ocrx_word' id='word_1_198' title='bbox 347 3394 446 3468; x_wconf 75' lang='grc' dir='ltr'><strong>μὲν</strong></span> <span class='ocrx_word' id='word_1_199' title='bbox 415 3415 495 3466; x_wconf 85' lang='grc' dir='ltr'>το(1</span> <span class='ocrx_word' id='word_1_200' title='bbox 515 3393 567 3467; x_wconf 80' lang='grc' dir='ltr'><strong>μέν</strong></span> <span class='ocrx_word' id='word_1_201' title='bbox 583 3401 641 3450; x_wconf 82' lang='grc' dir='ltr'><strong>έσ</strong></span> <span class='ocrx_word' id='word_1_202' title='bbox 655 3393 734 3450; x_wconf 77' lang='lat' dir='ltr'><strong>rdV.</strong></span> <span class='ocrx_word' id='word_1_203' title='bbox 790 3394 1039 3466; x_wconf 81' lang='lat' dir='ltr'><strong>PAB]ecorr..V</strong></span> 
     </span>
     <span class='ocr_line' id='line_1_31' title="bbox 102 3464 390 3524; baseline 0.007 -2"><span class='ocrx_word' id='word_1_204' title='bbox 102 3472 145 3522; x_wconf 79' lang='lat'><strong>26.</strong></span> <span class='ocrx_word' id='word_1_205' title='bbox 164 3464 195 3520; x_wconf 84' lang='grc' dir='ltr'><strong>τό</strong></span> <span class='ocrx_word' id='word_1_206' title='bbox 233 3465 390 3524; x_wconf 63' lang='lat' dir='ltr'><strong>lelzdv.</strong></span> 
     </span>
    </p>
   </div>
   <div class='ocr_carea' id='block_1_5' title="bbox 0 0 1140 3796">
    <p class='ocr_par' dir='ltr' id='par_1_28' title="bbox 0 0 1140 3796">
     <span class='ocr_line' id='line_1_32' title="bbox 0 0 1140 3796; baseline 0 0"><span class='ocrx_word' id='word_1_207' title='bbox 0 0 1140 3796; x_wconf 95' lang='lat' dir='ltr'><strong> </strong></span> 
     </span>
    </p>
   </div>
  </div>
 </body>
</html>
