2340 3818
103 155 146 219 32
468 158 670 211 Συουιπιοα
688 150 743 211 ια’.

586 296 643 366 ια’.

166 419 253 490 Ἀπδ
290 426 359 490 τοῦ
398 424 591 502 δοθέντος
624 427 792 509 σημείου
824 421 1027 509 μετεώρου
1061 423 1125 491 ἐπὶ

102 525 143 595 τὸ
173 528 296 595 δοθὲν
325 531 514 597 ἐπίπεδον
541 527 712 596 κάθετον
740 524 906 596 εὐθεῖαν
934 525 1125 615 γραμμὴν

103 631 282 719 ἀγαγεῖν.

66 757 83 806 5
161 737 269 806 Ἔστω
297 738 335 807 τὸ
365 738 426 825 μὶν
455 739 561 808 δοθὲν
589 753 728 827 σημείου
755 739 923 829 μετέωρον
945 739 984 809 τὸ
1008 751 1058 827 Α,
1086 740 1123 809 τδ

105 845 143 913 δὲ
173 845 279 913 δοθὲν
308 848 465 914 ἐπίπεδον
492 845 529 914 τὸ
560 844 796 933 ὑποκείμενον·
824 850 878 916 δεί
903 845 945 932 δὴ
969 845 1038 916 ἀπὸ
1063 851 1125 916 τοῦ

103 960 135 1018 Α
159 957 299 1037 σημείου
326 951 378 1019 ἐπὶ
405 948 442 1019 τδ
471 949 694 1039 ὑποκείμενον
719 957 876 1022 ἐπίπεδον
898 952 1048 1022 κάθετον
1072 951 1124 1023 εὖ·

103 1067 204 1124 θείαν
227 1056 383 1144 γραμμὴν
408 1056 554 1144 ἄμαχείν.

171 1162 314 1248 Διήχθω
334 1162 399 1251 γάρ
418 1189 468 1243 τις
487 1166 524 1232 ἐν
541 1168 587 1256 τῷ
605 1162 813 1256 ὑποκειμένῳ
834 1167 977 1257 ἐπιπέδῳ
992 1162 1123 1252 εὐθεῖα,

52 1288 86 1336 10
105 1265 150 1347 ὡς
174 1273 301 1353 ἔτυχεν,
328 1266 348 1354 ἡ
374 1275 446 1354 ΒΓ,
474 1269 531 1337 καὶ
559 1267 653 1356 ἤχθω
678 1267 742 1337 ἀπὸ
767 1274 828 1338 τοῦ
851 1280 883 1339 Α
906 1277 1048 1358 σημείου
1071 1273 1124 1340 ἐπὶ

102 1372 166 1459 τὴν
190 1379 256 1439 ΒΓ
280 1372 424 1454 κάθετος
451 1371 471 1460 ἡ
497 1381 574 1442 ΑΔ.
612 1379 643 1442 εί
664 1375 727 1461 μὲν
751 1368 815 1443 οὖν
838 1374 858 1462 ἡ
883 1383 954 1443 ΑΔ
977 1375 1123 1457 κάθετός

103 1481 172 1547 ἐστι
195 1479 251 1545 καὶ
274 1479 327 1547 ἐπὶ
350 1479 388 1548 τὸ
411 1478 635 1567 ὑποκείμενου
655 1484 823 1569 ἐπίπεδον,
846 1480 987 1569 γεγονὸς
1005 1478 1050 1550 ἐν
1070 1492 1121 1571 είη

102 1583 140 1652 τὸ
169 1587 357 1673 ἐπιταχθέν.
410 1590 440 1654 εί
467 1586 504 1654 δὲ
533 1585 589 1671 οὔ,
620 1585 716 1673 ἤχθω
745 1585 811 1655 ἀπὸ
838 1591 900 1656 τοῦ
924 1595 957 1654 Δ
980 1594 1123 1675 σημείου

102 1695 142 1780 τῇ
157 1698 223 1759 ΒΓ
243 1695 279 1760 έν
303 1696 347 1784 τῷ
371 1689 578 1783 ὑποκειμένῳ
603 1694 747 1784 ἐπιπέδῳ
766 1691 851 1785 πρὸς
870 1691 978 1781 ὀρθὰς
996 1692 1017 1780 ἡ
1037 1703 1122 1782 ΔΕ,

51 1815 84 1864 15
103 1799 159 1865 καὶ
186 1797 281 1885 ἤχθω
311 1795 377 1865 ἀπὸ
405 1800 466 1864 τοῦ
493 1808 525 1864 Α
553 1798 606 1865 ἐπὶ
634 1797 697 1884 τὴν
727 1806 796 1866 ΔΕ
820 1799 963 1880 κάθετος
990 1798 1010 1887 ἡ
1039 1811 1122 1887 AZ,

102 1905 158 1972 καὶ
178 1904 234 1973 διὰ
253 1908 314 1972 τοῦ
329 1911 356 1970 Ζ
376 1909 516 1989 σημείου
534 1914 574 1992 τῇ
589 1910 655 1970 ΒΓ
669 1904 881 1991 παράλληλος
894 1905 991 1994 ἤχθω
1006 1904 1027 1993 ἡ
1041 1915 1121 1976 ΗΘ.

171 2012 240 2078 Καὶ
265 2011 334 2079 ἐπεὶ
356 2007 377 2097 ἡ
401 2016 468 2077 ΒΓ
494 2010 631 2102 ἐκατέρῳ
660 2021 729 2079 τῶν
758 2019 843 2098 ΛΑ,
867 2020 937 2080 ΛΕ
957 2011 1041 2101 πρὸς
1067 2012 1122 2103 ὀρ-

103 2115 169 2193 θάς
193 2117 293 2199 ἐστιν,
317 2112 338 2202 ἡ
357 2120 424 2183 ΒΓ
443 2115 509 2205 ἄρα
531 2117 587 2184 καὶ
609 2121 655 2210 τῷ
675 2117 731 2185 διὰ
755 2122 823 2186 τῶν
847 2127 952 2186 ΕΔΑ
975 2122 1121 2212 ἐπιπέδῳ

103 2219 186 2308 πρὸς
223 2217 331 2306 ὀρθάς
364 2223 462 2291 ἐστιν.
519 2229 577 2289 καί
607 2226 697 2291 ἐστιν
735 2221 818 2312 αὐτῇ
852 2223 1063 2309 παράλληλος
1100 2225 1121 2314 ἡ

48 2344 85 2394 20
104 2335 184 2396 ΗΘ·
213 2326 274 2395 ἐὰν
301 2325 339 2395 δὲ
367 2319 430 2396 οἷσι
458 2327 521 2396 δύο
546 2326 678 2395 εὐθεῖαι
701 2330 923 2415 παράλληλοι,
954 2327 974 2412 ἡ
999 2329 1037 2394 δὲ
1060 2339 1123 2414 μία

104 2431 216 2502 αὐτῶν
245 2434 387 2523 ἐπιπέδῳ
415 2433 483 2502 τιυὶ
511 2432 595 2519 πρὸς
623 2430 732 2522 ὀρθὰς
757 2425 794 2522 ᾗ,
821 2430 877 2498 καὶ
905 2428 925 2514 ἡ
949 2429 1047 2515 λοιπὴ
1072 2444 1123 2528 τῷ
1159 2442 1163 2457 “

104 2538 193 2632 αὐτῷ
223 2541 365 2631 ἐπιπέδῳ
394 2538 477 2628 πρὸς
507 2536 614 2626 ὀρθὰς
637 2544 741 2606 ἐσται·
769 2538 824 2604 καὶ
848 2531 869 2620 ἡ
893 2541 962 2601 ΗΘ
983 2533 1050 2623 ἄρα
1072 2548 1122 2633 τῷ

104 2645 160 2713 διὰ
189 2650 257 2714 τῶν
286 2655 371 2732 ΕΔ,
401 2654 470 2713 ΔΑ
499 2645 640 2734 ἐπιπέδῳ
668 2641 751 2728 πρὸς
779 2639 885 2729 ὀρθάς
912 2643 1012 2710 ἐστιν.
1062 2650 1143 2716 καῖ’

103 2749 186 2839 πρὸς
219 2752 327 2831 παίσας
359 2751 424 2836 ἄρα
453 2749 512 2829 τὰς
544 2745 729 2834 ἁπτομένας
761 2745 863 2834 αὐτῆς
895 2744 1030 2829 εὐθείας
1062 2755 1120 2821 καὶ

48 2873 83 2922 25
104 2855 208 2937 οέσας
236 2861 272 2926 ἐν
300 2862 344 2949 τῷ
374 2855 430 2924 διὰ
454 2858 523 2922 τῶν
542 2861 624 2939 ΕΔ,
655 2863 724 2921 ΛΑ
747 2856 889 2947 ἐπιπέδῳ
914 2855 1002 2945 ὀρθή
1027 2860 1120 2927 ἐστιν

103 2963 123 3049 ἡ
151 2969 227 3030 ΗΘ.
281 2962 417 3030 ἅπτεται
453 2960 491 3028 δδ
524 2957 627 3046 αὐτῆς
658 2959 679 3048 ἡ
710 2968 776 3028 ΑΖ
808 2953 893 3030 οὖσα
923 2965 958 3030 ἐν
985 2967 1031 3054 τῷ
1060 2966 1119 3034 διὰ

175 3199 201 3245 2.
221 3189 362 3259 μετέωρον
381 3209 402 3255 φ
423 3191 489 3257 (non
508 3189 554 3257 F),
573 3187 779 3259 μετεωροτέραν
798 3190 825 3246 b.
918 3199 942 3246 3.
962 3191 1065 3263 δοθέν]
1085 3194 1117 3262 Ρ,

101 3259 535 3330 v‘mouelwovBFVb‚ng¹
550 3277 585 3314 m.
604 3267 626 3317 1.
701 3267 725 3315 9.
740 3259 808 3333 γάρ]
828 3279 881 3317 om.
893 3263 926 3318 V.
1000 3258 1115 3336 εὐθεῖα]

103 3333 203 3401 postea
220 3331 271 3384 ins.
291 3330 321 3386 F.
396 3337 436 3386 10.
458 3335 507 3386 ΓΒ
527 3330 556 3388 F.
639 3339 679 3389 12.
700 3328 758 3388 ἔστι
777 3334 841 3405 καί]
861 3328 936 3388 ἐστιν
955 3351 970 3388 ο
990 3349 1059 3390 corr.
1079 3354 1116 3390 m.

103 3402 168 3459 Π.
243 3397 306 3474 ἐπί]
325 3418 378 3456 om.
393 3403 420 3458 b.
493 3400 609 3474 γεγονός
643 3421 711 3460 eras.
727 3404 759 3460 V.
835 3410 875 3458 13.
896 3399 940 3474 τό]
960 3422 1115 3474 suprascr.

103 3473 133 3530 1⁴¹.
206 3471 251 3544 δέ]
271 3491 424 3545 suprascr.
444 3476 477 3531 V.
552 3481 593 3531 17.
610 3405 664 3531 ἐπί
680 3497 710 3545 φ.
