2340 3818
103 155 168 221 288
478 157 680 210 Συοωωιιωι
699 153 748 225 ιγ’.

102 302 161 385 τῆς
183 306 262 384 ΕΛ,
285 298 435 367 τουτέστι
457 301 520 367 τοῦ
544 296 609 367 ἀπὸ
631 301 690 386 τῆς
713 304 786 366 ΒΕ.
831 306 908 366 ίσον
933 297 971 367 δέ
993 295 1035 366 τὸ
1058 295 1120 366 ἀπὸ

103 409 160 492 τῆς
188 412 258 472 ΑΕ
287 418 357 485 τοῖς
388 403 453 473 ἀπὸ
484 409 553 474 τῶν
581 413 662 492 ΑΒ,
690 411 766 473 ΒΕ·
798 402 838 472 τά
867 402 934 493 ἄρα
959 401 1030 472 άπὸ
1057 407 1121 472 τῶν

104 518 184 598 ΑΒ,
203 519 269 579 ΒΕ
289 509 510 598 τετραπλάσιά
534 512 603 580 ἐστι
626 515 687 580 τοῦ
709 508 775 579 άπὸ
799 514 858 598 τῆς
876 518 950 579 ΒΕ.
974 510 1121 579 διελόντι

103 615 169 704 άρα
195 616 233 687 τὸ
262 616 328 687 άπὸ
356 622 415 706 τής
443 625 507 686 ΑΒ
539 610 738 707 τριπλάσιόν
770 620 839 687 ἐστι
864 621 926 686 τού
954 614 1023 685 άπὸ
1052 624 1121 685 ΒΕ.

68 732 158 810 σίση
188 724 225 793 δὲ
252 723 272 812 ή
296 733 362 793 ΒΕ
385 730 426 815 τῇ
453 733 532 794 ΔΕ·
559 725 597 793 τὸ
626 721 692 810 ἄρα
718 722 783 793 άπὸ
810 728 870 811 τής
892 731 959 792 ΑΒ
986 721 1123 812 τριπλά-

103 829 180 900 σιόν
204 834 272 900 ἐστι
295 837 357 900 τού
381 830 447 900 άπὸ
471 835 529 918 τῆς
552 838 628 900 ΛΕ.

164 937 207 1005 Ἡ
238 936 303 1023 άρα
329 941 391 1006 τού
418 937 586 1026 τριγώνου
613 935 740 1025 πλευρά
773 935 913 1023 δυνάμει
942 942 1122 1025 τριπλασία

103 1044 172 1111 ἐστὶ
190 1047 249 1130 τής
267 1047 303 1112 ἐκ
321 1047 382 1112 τού
400 1045 542 1133 κέντρου
560 1047 636 1128 [τοῦ
653 1045 806 1128 κύκλου]·
826 1043 906 1132 ὅπερ
921 1046 993 1112 ἔδει
1009 1045 1120 1126 δείξαι.

585 1249 643 1308 ιγ.

51 1360 83 1408 10
172 1348 384 1431 Πυραμίδα
422 1345 697 1432 συστήσασθαι
733 1346 798 1413 καὶ
836 1350 987 1436 σφαίρᾳ
1020 1370 1119 1434 περι·
1163 1338 1166 1405 ἶ

102 1455 242 1536 λαβεῖν
271 1455 315 1539 τή
345 1454 513 1540 δοθείση
541 1452 606 1519 καὶ
629 1453 775 1538 δείξαι,
799 1450 860 1520 ὅτι
877 1449 898 1538 ή
917 1456 987 1539 τής
1006 1457 1118 1540 σφαί-
1164 1448 1166 1453 ’

103 1583 173 1643 ρας
197 1554 406 1646 διάμετρος
431 1555 597 1645 δυνάμει
621 1555 784 1645 ήμιολία
807 1558 892 1626 ἐστὶ
914 1561 985 1645 τής
1008 1566 1117 1627 πλευ-

103 1666 171 1749 ράς
194 1667 266 1749 τής
287 1667 520 1751 πυραμίδος.
639 1688 642 1694 ’

167 1766 349 1837 Ἐκκείσθω
382 1766 403 1856 ή
434 1775 492 1857 τῆς
525 1774 685 1859 δοθείσης
717 1777 862 1859 σφαίρας
892 1770 1072 1859 διάμετρος
1099 1768 1118 1857 ἡ

51 1889 83 1938 15
103 1884 135 1942 Α
142 1883 186 1962 Β,
214 1877 270 1944 καὶ
293 1874 469 1963 τετμήσθω
496 1876 579 1944 κατὰ
603 1875 641 1946 τὸ
665 1882 869 1967 ΙΓσημείον,
897 1874 982 1945 ὥστε
1007 1882 1119 1946 διπλα-

102 1988 180 2050 σίαν
208 1980 295 2051 εἶναι
322 1981 384 2069 τήν
408 1988 477 2051 ΑΓ
499 1987 557 2071 τής
579 1989 654 2051 ΓΒ·
684 1984 740 2051 καὶ
768 1982 952 2072 γεγράφθω
982 1985 1036 2052 ἐπὶ
1064 1991 1121 2072 τής

102 2096 167 2155 ΑΒ
195 2086 396 2175 ἡμικύκλιον
423 2087 461 2158 τὸ
485 2097 601 2175 ΑΔΒ,
628 2091 684 2157 καὶ
711 2088 808 2177 ἤχθω
837 2089 902 2158 άπὸ
926 2095 988 2160 τοῦ
1012 2097 1046 2159 Γ
1065 2079 1121 2179 ση-

102 2199 198 2279 μείου
230 2199 270 2284 τή
298 2203 363 2263 ΑΒ
395 2194 478 2284 πρὸς
506 2193 614 2283 ὀρθάς
641 2194 661 2283 ή
690 2203 767 2283 ΓΛ,
799 2198 855 2264 καί
884 2197 1073 2286 ἐπεζεύχθω
1101 2198 1120 2285 ή

103 2308 182 2367 ΛΑ·
218 2300 274 2367 καὶ
306 2304 468 2371 ἐκκείσθω
503 2302 625 2383 κύκλος
653 2300 671 2371 ὁ
699 2310 806 2371 ΕΖΗ
838 2311 916 2390 ίσην
943 2309 1030 2392 έχων
1059 2306 1122 2394 τήν

49 2419 85 2469 20
103 2409 139 2475 ἐκ
162 2411 222 2475 τοῦ
242 2408 384 2493 κε’ντρου
401 2413 441 2497 τῇ
457 2415 533 2495 ΛΓ,
556 2410 612 2476 καὶ
631 2407 853 2499 ἐγγεγράφθω
873 2415 919 2491 είς
937 2410 999 2479 τὸν
1018 2418 1126 2481 ΕΖΗ

102 2512 228 2581 κύκλον
255 2517 424 2601 τρίγωνον
451 2513 653 2603 ἰσόπλευρον
680 2515 718 2584 τὸ
742 2523 860 2585 ΕΖΗ·
887 2518 942 2587 καί
965 2519 1121 2606 εἰλήφθω

102 2617 140 2687 τὸ
163 2619 304 2707 κέντρον
326 2630 387 2688 τοῦ
411 2619 537 2690 κύκλου
559 2621 597 2692 τὸ
618 2631 647 2691 Θ
669 2635 820 2710 σημείου,
843 2624 900 2692 καὶ
918 2624 1122 2712 ἐπεζεύχθω-

103 2743 166 2793 σαν
191 2729 229 2793 αί
250 2733 330 2811 ΕΘ,
353 2733 430 2812 ΘΖ,
458 2734 539 2794 ΘΗ·
567 2730 624 2796 καὶ
647 2727 815 2797 ἀνεστάτω
839 2727 904 2798 άπὸ
927 2735 990 2798 τοῦ
1014 2738 1044 2798 Θ
1068 2753 1122 2821 ση-

103 2837 198 2918 μείου
226 2836 271 2924 τρὸ
299 2836 360 2901 τοῦ
389 2840 495 2900 ΕΖΗ
522 2832 648 2903 κύκλου
680 2837 823 2928 ἐπιπέδῳ
850 2835 934 2923 πρὸς
961 2833 1074 2926 ὀρθάς
1101 2839 1121 2926 ή

49 2949 83 2998 25
104 2944 185 3024 ΘΚ,
215 2939 271 3006 καὶ
294 2937 483 3028 ἀφῃρήσθω
511 2938 576 3007 άπὸ
603 2944 661 3027 τῆς
683 2916 751 3010 ΘῙ(
770 2947 809 3031 τή
833 2948 903 3011 ΑΓ
921 2941 1040 3037 εύθείηι
1066 2955 1121 3033 ίση

102 3041 123 3129 ή
143 3052 229 3131 ΘΚ,
252 3045 308 3112 καὶ
332 3045 584 3133 ἐπεζεύχθωσαν
603 3050 640 3114 αί
657 3055 739 3134 ΚΕ,
757 3055 839 3136 KZ,
857 3056 938 3118 KH.
974 3051 1031 3118 καὶ
1051 3053 1123 3121 ἐπεὶ

176 3211 200 3258 4.
221 3201 373 3260 διπλάσιόν
391 3205 418 3259 b.
506 3201 581 3261 ἐστιν
600 3206 630 3260 Ρ.
712 3201 770 3262 άπὸ
789 3208 839 3277 τῆς
856 3209 890 3264 V.
977 3214 1002 3266 5.
1022 3210 1123 3268 διπλά·

105 3274 166 3329 σιόν
185 3275 211 3330 b.
303 3282 327 3331 7.
347 3278 482 3331 διπλασία
499 3277 532 3344 b,
551 3280 720 3345 τριπλασίων
739 3279 773 3335 V.
858 3283 882 3333 8.
904 3273 979 3334 ἐστίν
998 3281 1030 3337 Ρ.

104 3347 154 3400 τού
173 3342 292 3418 κύκλου]
313 3365 365 3402 om.
381 3347 411 3403 P.
485 3354 526 3405 10.
546 3349 619 3403 Ante
637 3351 690 3404 καί
704 3350 756 3406 ine.
772 3345 805 3405 ἐκ
818 3346 961 3421 τεσσάρων
975 3349 1122 3421 τριγώνων

106 3415 278 3484 ἰσοπλεύρων
297 3436 353 3488 mg.
372 3437 409 3472 m.
430 3424 443 3472 1
464 3435 515 3488 pro
535 3420 642 3474 scholio
660 3420 690 3475 P.
750 3427 875 3493 σφαῖραν
893 3422 921 3477 b.
983 3428 1026 3478 12.
1046 3420 1124 3480 ἐστίν

96 3488 128 3542 P.
207 3495 248 3548 14.
270 3485 427 3566 ἐκκείσθω]
446 3490 525 3564 prius
543 3511 561 3546 κ
579 3507 665 3562 sum.
682 3508 736 3548 m.
750 3510 792 3546 m.
805 3509 864 3547 τεο.
880 3492 912 3547 P.
985 3498 1028 3550 15.
1048 3495 1124 3552 Ante
