2340 3818
105 140 169 204 196
461 140 677 193 ΣΤΟΙΧΕΙΩΝ
696 136 747 212 ιγ’.

102 283 165 369 μέν
198 285 267 350 ἐστι
295 282 332 351 τὸ
358 286 632 350 ΑΕΒΖΓΗΔΘ
658 281 875 368 πολύγωνον,
901 280 990 361 ύύος
1018 279 1056 348 δὲ
1082 305 1120 347 το

104 387 185 456 αὐτὸ
217 391 264 481 τῷ
296 393 482 481 κυλίνδρῳ,
514 388 626 475 μεῖζόν
659 378 728 456 ἐστι
757 392 819 457 τοῦ
845 389 1047 473 κυλίνδρου,
1080 375 1122 453 ού

103 493 200 580 βάσις
224 495 314 563 ἐστίν
337 493 356 563 6
380 500 514 562 ΑΒΓΔ
536 493 665 574 κύκλος.
707 492 791 562 άλλά
814 493 869 561 καί
893 498 1045 561 ἔλαττον·
1068 494 1121 579 ἐμ-

103 603 286 690 περιέχεται
309 600 373 687 γάρ
397 598 454 667 ὑπ’
481 597 600 668 αύτού·
625 600 706 685 ὅπερ
731 601 821 670 ἐστίν
844 598 1027 667 άδύνατον.
1060 595 1123 666 ούκ

68 705 170 795 οάρα
193 704 211 774 6
235 705 415 793 κύλινδρος
436 709 498 773 τού
520 705 634 773 κῶνου
656 705 802 775 ἐλάττων
825 704 917 774 ἐστίν
939 701 961 792 ἢ
985 702 1124 793 τριπλά-

104 832 185 894 σιος.
221 815 358 899 ἐδείχθη
383 812 436 898 δέ,
459 810 512 879 ὅτι
536 809 617 880 ούδδ
639 818 759 898 μείζων
782 808 1030 898 ἢτρικλάσιος·
1054 836 1123 898 τρι·

103 921 244 998 κολάσιος
271 917 337 1003 άρα
366 916 384 985 6
413 918 593 1006 κύλινδρος
620 921 681 986 τοῦ
708 916 834 985 κῶνον·
860 917 946 985 ὥστε
970 914 988 984 6
1012 921 1125 996 κῶνος

103 1033 218 1115 τρίτον
240 1024 309 1091 ἐστὶ
333 1025 433 1112 μέρος
453 1034 516 1093 τοῦ
538 1028 731 1111 κυλίνδρου.

192 1133 269 1210 Πᾶς
290 1128 357 1218 άροι
378 1133 487 1210 κῶνος
508 1133 693 1218 κυλίνδρου
715 1134 829 1213 τρίτον
852 1130 952 1216 μέρος
976 1128 1047 1195 ἐστὶ
1062 1132 1126 1196 τοῦ

53 1258 85 1307 10
102 1236 166 1323 τὴν
195 1234 301 1323 αὐτὴν
328 1235 431 1322 βάσιν
459 1241 594 1324 ἔχοντος
616 1234 708 1328 αύτῷ
731 1237 787 1303 καί
810 1236 898 1317 ύνος
920 1244 1009 1303 ίσον·
1039 1233 1124 1320 ὅπερ

104 1346 173 1410 ἔδει
196 1344 310 1423 δεῖξαι.

581 1448 639 1516 ια’.

189 1577 245 1641 Οί
268 1571 343 1641 ὑπὸ
372 1571 415 1641 τὸ
445 1571 541 1640 αὐτὸ
566 1569 665 1652 ὕψος
688 1571 800 1651 ὄντες
821 1575 947 1639 κῶνοι
969 1573 1036 1639 καὶ
1060 1572 1125 1640 κύ-

104 1685 266 1764 λινδροι
288 1679 386 1768 πρὸς
408 1676 605 1765 ἀλλήλους
628 1676 804 1759 είσίυῶς
827 1681 869 1746 αί
889 1679 1037 1764 βάσεις.

54 1807 85 1854 15
161 1784 338 1854 Ἔστωσαν
360 1784 426 1854 ὑπὸ
450 1783 488 1853 τὸ
512 1782 594 1853 αὐτὸ
618 1781 706 1865 ύψος
727 1795 831 1853 κῶνοι
854 1786 910 1852 καί
931 1783 1125 1872 κύλινδροι,

104 1882 154 1959 ῶν
187 1891 302 1977 βάσεις
334 1892 394 1978 μὲν
429 1895 543 1976 [είσιν]
578 1895 613 1959 ολ
642 1896 790 1977 ΑΒΓΔ,
824 1897 960 1959 ΕΖΗΘ
992 1890 1124 1977 κύκλοι,

104 1995 222 2078 άξονες
245 1997 282 2066 δὲ
306 2001 341 2066 οί
358 2005 442 2084 ΚΛ,
467 2005 560 2083 ΜΝ,
585 1995 758 2082 διάμετροι
781 1996 820 2065 δὲ
842 2000 910 2064 τῶν
934 1997 1073 2082 βάσεων
1091 1999 1128 2064 al

104 2109 184 2189 ΑΓ,
208 2110 290 2171 ΕΗ·
314 2105 414 2191 λε’γοο,
438 2102 490 2172 ὅτι
513 2105 604 2172 ἐστὶν
627 2099 671 2183 ῶς
694 2099 712 2170 6
736 2108 872 2171 ΑΒΓΔ
894 2102 1017 2183 κύκλος
1041 2103 1126 2189 πρὸς

103 2206 165 2276 τὸν
193 2216 332 2277 ΕΖΗΘ
362 2210 503 2296 κύκλον,
536 2208 643 2289 οὕτως
673 2206 691 2275 6
719 2215 788 2275 ΑΛ
814 2212 923 2287 κῶνος
949 2208 1036 2297 πρὸς
1064 2208 1126 2277 τὸν

52 2337 86 2386 20
105 2321 179 2381 EN
197 2320 318 2383 κῶνον.

172 2425 217 2488 Ec
242 2421 307 2507 γὰρ
330 2422 390 2507 μή,
420 2427 511 2488 ἔσται
539 2419 584 2501 ῶς
608 2420 626 2490 6
649 2428 783 2490 ΑΒΓΔ
809 2420 931 2501 κύκλος
953 2420 1040 2507 πρὸς
1062 2421 1126 2490 τὸν

105 2533 242 2595 ΕΖΗΘ
264 2527 405 2613 κύκλον,
429 2527 537 2607 οὕτως
559 2524 577 2595 6
601 2535 671 2595 ΑΔ
692 2531 800 2608 κῶνος
822 2526 898 2614 ἤτοι
919 2525 1004 2616 πρὸς
1026 2533 1125 2597 ἕλοισ-

105 2633 168 2702 σόν
190 2659 223 2699 τι
245 2637 305 2700 τού
329 2641 403 2701 ΕΝ
420 2632 534 2702 κῶνον
556 2633 693 2722 στερεὸν
716 2629 737 2719 ἢ
761 2633 845 2720 πρὸς
868 2641 990 2720 μεῖζον.
1037 2639 1123 2703 ἔστω

105 2739 270 2828 πρότερον
294 2738 377 2828 πρὸς
400 2745 543 2807 ἔλασσον
565 2738 603 2808 τὸ
627 2742 669 2825 Ξ,
691 2739 747 2806 κοιλ
772 2731 799 2832 ᾦ
823 2738 967 2808 ἔλασσόν
991 2742 1063 2808 ἐστι
1085 2739 1123 2807 τὸ

52 2867 86 2916 25
108 2849 138 2924 Ξ
164 2844 299 2933 στερεὸν
326 2849 388 2913 τοῦ
411 2853 485 2914 EN
507 2845 635 2930 κῶνον,
663 2847 778 2936 ἐκείνῳ
808 2853 884 2912 ἴσον
912 2850 995 2912 ἔστω
1018 2844 1059 2914 τὸ
1091 2853 1128 2912 Ψ

106 2953 255 3040 στερεόν·
283 2952 301 3020 6
325 2959 399 3019 EN
417 2955 524 3032 κῶνος
547 2951 613 3040 άρα
637 2960 709 3030 ίσος
731 2952 801 3019 ἐστὶ
823 2964 893 3031 τοῖς
916 2954 958 3038 Ξ,
992 2959 1031 3019 Ψ
1052 2973 1122 3021 στε-

106 3071 203 3143 ρεοῖς.
259 3057 480 3145 ἐγγεγράφθω
513 3062 560 3138 είς
591 3056 653 3125 τὸν
685 3064 821 3124 ΕΖΗΘ
853 3057 979 3125 κύκλον
1009 3058 1123 3143 τετρά-

106 3191 218 3250 γωνον
246 3162 282 3232 τὸ
311 3171 459 3232 ΕΖΗΘ·
488 3163 526 3232 τὸ
555 3163 620 3249 άρα
649 3163 859 3249 τετράγωνον
888 3161 1001 3249 μεῖζόν
1030 3166 1123 3233 ἐστιν

178 3402 203 3449 3.
222 3394 273 3464 μέν
293 3390 368 3449 ἐστιν
387 3394 444 3462 Vq.
519 3389 594 3449 ἐστὶν
613 3388 642 3464 6]
660 3410 717 3464 mg.
732 3412 768 3447 m.
786 3399 800 3447 1
815 3394 845 3450 P.
920 3389 1043 3448 ἐλάττων
1062 3395 1120 3464 Vq.

171 3473 196 3522 4,
217 3464 308 3535 ἐστίν]
326 3483 380 3522 om.
401 3465 433 3521 V.
509 3469 533 3520 8.
554 3462 636 3535 μέρος
656 3460 716 3519 ἐστί
732 3464 764 3520 V.
838 3470 862 3518 9.
881 3459 939 3534 άρα
958 3461 973 3520 6
996 3464 1028 3520 V.
