<?xml version="1.0" encoding="UTF-8"?>
<!DOCTYPE html PUBLIC "-//W3C//DTD XHTML 1.0 Transitional//EN"
    "http://www.w3.org/TR/xhtml1/DTD/xhtml1-transitional.dtd">
<html xmlns="http://www.w3.org/1999/xhtml" xml:lang="en" lang="en">
 <head>
  <title>
</title>
<meta http-equiv="Content-Type" content="text/html;charset=utf-8" />
  <meta name='ocr-system' content='tesseract 3.04.00' />
  <meta name='ocr-capabilities' content='ocr_page ocr_carea ocr_par ocr_line ocrx_word'/>
</head>
<body>
  <div class='ocr_page' id='page_1' title='image "./euclidisoperaom04unkngoog/euclidisoperaom04unkngoog_0327.png"; bbox 0 0 2340 3818; ppageno 0'>
   <div class='ocr_carea' id='block_1_1' title="bbox 102 140 741 214">
    <p class='ocr_par' dir='ltr' id='par_1_1' title="bbox 102 140 741 214">
     <span class='ocr_line' id='line_1_1' title="bbox 102 140 741 214; baseline -0.016 -5"><span class='ocrx_word' id='word_1_1' title='bbox 102 144 169 209; x_wconf 77' lang='lat'><strong><em>294</em></strong></span> <span class='ocrx_word' id='word_1_2' title='bbox 462 145 673 199; x_wconf 55' lang='lat' dir='ltr'><strong><em>mmmm</em></strong></span> <span class='ocrx_word' id='word_1_3' title='bbox 692 140 741 214; x_wconf 75' lang='grc' dir='ltr'><strong><em>ιγ’.</em></strong></span> 
     </span>
    </p>
   </div>
   <div class='ocr_carea' id='block_1_2' title="bbox 68 281 1120 905">
    <p class='ocr_par' dir='ltr' id='par_1_2' title="bbox 101 281 1120 692">
     <span class='ocr_line' id='line_1_2' title="bbox 103 281 1117 375; baseline -0.004 -19"><span class='ocrx_word' id='word_1_4' title='bbox 103 294 217 372; x_wconf 88' lang='grc' dir='ltr'><em>ΔΑΒ,</em></span> <span class='ocrx_word' id='word_1_5' title='bbox 250 291 355 354; x_wconf 87' lang='lat' dir='ltr'><strong><em>AAF</em></strong></span> <span class='ocrx_word' id='word_1_6' title='bbox 379 284 572 375; x_wconf 76' lang='grc' dir='ltr'><strong><em>τριγώνων,</em></strong></span> <span class='ocrx_word' id='word_1_7' title='bbox 604 286 658 352; x_wconf 77' lang='grc' dir='ltr'><strong><em>καλ</em></strong></span> <span class='ocrx_word' id='word_1_8' title='bbox 692 281 780 354; x_wconf 79' lang='grc' dir='ltr'><strong><em>εἶναι</em></strong></span> <span class='ocrx_word' id='word_1_9' title='bbox 812 281 857 364; x_wconf 85' lang='grc' dir='ltr'><strong><em>ώς</em></strong></span> <span class='ocrx_word' id='word_1_10' title='bbox 887 282 952 371; x_wconf 89' lang='grc' dir='ltr'><strong><em>τὴν</em></strong></span> <span class='ocrx_word' id='word_1_11' title='bbox 982 287 1117 373; x_wconf 89' lang='grc' dir='ltr'><strong><em>πρώτην</em></strong></span> 
     </span>
     <span class='ocr_line' id='line_1_3' title="bbox 101 389 1116 481; baseline -0.002 -19"><span class='ocrx_word' id='word_1_12' title='bbox 101 392 186 481; x_wconf 85' lang='grc' dir='ltr'><strong><em>πρὸς</em></strong></span> <span class='ocrx_word' id='word_1_13' title='bbox 207 391 269 480; x_wconf 89' lang='grc' dir='ltr'><strong><em>τὴν</em></strong></span> <span class='ocrx_word' id='word_1_14' title='bbox 290 397 422 479; x_wconf 77' lang='grc' dir='ltr'><strong><em>τρίτην,</em></strong></span> <span class='ocrx_word' id='word_1_15' title='bbox 451 389 558 473; x_wconf 74' lang='grc' dir='ltr'><strong><em>οὕτως</em></strong></span> <span class='ocrx_word' id='word_1_16' title='bbox 584 390 622 459; x_wconf 88' lang='grc' dir='ltr'><strong><em>τὸ</em></strong></span> <span class='ocrx_word' id='word_1_17' title='bbox 647 389 713 460; x_wconf 83' lang='grc' dir='ltr'><strong><em>ἀπὸ</em></strong></span> <span class='ocrx_word' id='word_1_18' title='bbox 736 394 796 478; x_wconf 80' lang='grc' dir='ltr'><strong><em>τῆς</em></strong></span> <span class='ocrx_word' id='word_1_19' title='bbox 817 390 950 479; x_wconf 86' lang='grc' dir='ltr'><strong><em>πρώτης</em></strong></span> <span class='ocrx_word' id='word_1_20' title='bbox 972 389 1061 478; x_wconf 85' lang='grc' dir='ltr'><strong><em>πρὸς</em></strong></span> <span class='ocrx_word' id='word_1_21' title='bbox 1081 390 1116 460; x_wconf 86' lang='grc' dir='ltr'><strong><em>τὸ</em></strong></span> 
     </span>
     <span class='ocr_line' id='line_1_4' title="bbox 102 494 1118 587; baseline 0 -21"><span class='ocrx_word' id='word_1_22' title='bbox 102 496 167 567; x_wconf 83' lang='grc' dir='ltr'><strong><em>άπὸ</em></strong></span> <span class='ocrx_word' id='word_1_23' title='bbox 190 504 249 587; x_wconf 86' lang='grc' dir='ltr'><strong><em>τὴς</em></strong></span> <span class='ocrx_word' id='word_1_24' title='bbox 271 498 451 587; x_wconf 76' lang='grc' dir='ltr'><strong><em>ὃευτίρας].</em></strong></span> <span class='ocrx_word' id='word_1_25' title='bbox 488 495 644 585; x_wconf 80' lang='grc' dir='ltr'><strong><em>ἡμιόλιον</em></strong></span> <span class='ocrx_word' id='word_1_26' title='bbox 667 496 733 586; x_wconf 79' lang='grc' dir='ltr'><strong><em>ἄρα</em></strong></span> <span class='ocrx_word' id='word_1_27' title='bbox 755 497 811 566; x_wconf 78' lang='grc' dir='ltr'><strong><em>καὶ</em></strong></span> <span class='ocrx_word' id='word_1_28' title='bbox 833 497 871 566; x_wconf 89' lang='grc' dir='ltr'><strong><em>τὸ</em></strong></span> <span class='ocrx_word' id='word_1_29' title='bbox 895 494 961 565; x_wconf 86' lang='grc' dir='ltr'><strong><em>άπὸ</em></strong></span> <span class='ocrx_word' id='word_1_30' title='bbox 981 500 1042 585; x_wconf 79' lang='grc' dir='ltr'><strong><em>τῆς</em></strong></span> <span class='ocrx_word' id='word_1_31' title='bbox 1059 504 1118 566; x_wconf 89' lang='lat' dir='ltr'><strong><em>BA</em></strong></span> 
     </span>
     <span class='ocr_line' id='line_1_5' title="bbox 101 601 1120 692; baseline -0.001 -20"><span class='ocrx_word' id='word_1_32' title='bbox 101 609 162 674; x_wconf 82' lang='grc' dir='ltr'><strong><em>τοῦ</em></strong></span> <span class='ocrx_word' id='word_1_33' title='bbox 182 603 247 674; x_wconf 87' lang='grc' dir='ltr'><strong><em>άπὸ</em></strong></span> <span class='ocrx_word' id='word_1_34' title='bbox 266 609 325 691; x_wconf 80' lang='grc' dir='ltr'><strong><em>τῆς</em></strong></span> <span class='ocrx_word' id='word_1_35' title='bbox 343 614 418 674; x_wconf 88' lang='grc' dir='ltr'><strong><em>ΑΔ.</em></strong></span> <span class='ocrx_word' id='word_1_36' title='bbox 454 609 514 673; x_wconf 87' lang='grc' dir='ltr'><strong><em>καί</em></strong></span> <span class='ocrx_word' id='word_1_37' title='bbox 529 606 621 673; x_wconf 79' lang='grc' dir='ltr'><strong><em>ἐστιν</em></strong></span> <span class='ocrx_word' id='word_1_38' title='bbox 639 601 660 691; x_wconf 90' lang='grc' dir='ltr'><strong><em>ἡ</em></strong></span> <span class='ocrx_word' id='word_1_39' title='bbox 679 602 741 692; x_wconf 66' lang='grc' dir='ltr'><strong><em>μὲν</em></strong></span> <span class='ocrx_word' id='word_1_40' title='bbox 755 611 823 672; x_wconf 88' lang='lat' dir='ltr'><strong><em>BA</em></strong></span> <span class='ocrx_word' id='word_1_41' title='bbox 840 602 860 690; x_wconf 88' lang='grc' dir='ltr'><strong><em>ἡ</em></strong></span> <span class='ocrx_word' id='word_1_42' title='bbox 880 613 940 690; x_wconf 73' lang='grc' dir='ltr'><strong><em>τῆς</em></strong></span> <span class='ocrx_word' id='word_1_43' title='bbox 959 608 1120 690; x_wconf 76' lang='grc' dir='ltr'><strong><em>δοθείσης</em></strong></span> 
     </span>
    </p>

    <p class='ocr_par' dir='ltr' id='par_1_3' title="bbox 68 707 1120 905">
     <span class='ocr_line' id='line_1_6' title="bbox 68 707 1120 799; baseline -0.004 -18"><span class='ocrx_word' id='word_1_44' title='bbox 68 731 84 782; x_wconf 78' lang='lat'><strong>5</strong></span> <span class='ocrx_word' id='word_1_45' title='bbox 103 717 248 798; x_wconf 85' lang='grc' dir='ltr'><strong><em>σφαίρας</em></strong></span> <span class='ocrx_word' id='word_1_46' title='bbox 271 711 459 799; x_wconf 74' lang='grc' dir='ltr'><strong><em>διάμετρος,</em></strong></span> <span class='ocrx_word' id='word_1_47' title='bbox 482 707 503 798; x_wconf 88' lang='grc' dir='ltr'><strong><em>ἡ</em></strong></span> <span class='ocrx_word' id='word_1_48' title='bbox 528 709 566 780; x_wconf 72' lang='grc' dir='ltr'><strong><em>δὲ</em></strong></span> <span class='ocrx_word' id='word_1_49' title='bbox 588 719 660 778; x_wconf 86' lang='grc' dir='ltr'><strong><em>ΑΔ</em></strong></span> <span class='ocrx_word' id='word_1_50' title='bbox 683 718 739 797; x_wconf 85' lang='grc' dir='ltr'><strong><em>ίση</em></strong></span> <span class='ocrx_word' id='word_1_51' title='bbox 763 713 803 799; x_wconf 77' lang='grc' dir='ltr'><strong><em>τῇ</em></strong></span> <span class='ocrx_word' id='word_1_52' title='bbox 825 713 955 799; x_wconf 79' lang='grc' dir='ltr'><strong><em>πλευρᾷ</em></strong></span> <span class='ocrx_word' id='word_1_53' title='bbox 978 714 1042 798; x_wconf 80' lang='grc' dir='ltr'><strong><em>τῆς</em></strong></span> <span class='ocrx_word' id='word_1_54' title='bbox 1063 734 1120 778; x_wconf 86' lang='grc' dir='ltr'><strong><em>πυ·</em></strong></span> 
     </span>
     <span class='ocr_line' id='line_1_7' title="bbox 102 822 251 905; baseline 0.013 -21"><span class='ocrx_word' id='word_1_55' title='bbox 102 822 251 905; x_wconf 77' lang='grc' dir='ltr'><strong><em>ραμίὸος.</em></strong></span> 
     </span>
    </p>
   </div>
   <div class='ocr_carea' id='block_1_3' title="bbox 101 919 1123 1119">
    <p class='ocr_par' dir='ltr' id='par_1_4' title="bbox 101 919 1123 1119">
     <span class='ocr_line' id='line_1_8' title="bbox 164 919 1123 1012; baseline -0.003 -20"><span class='ocrx_word' id='word_1_56' title='bbox 164 922 210 991; x_wconf 88' lang='grc' dir='ltr'><em>Ἡ</em></span> <span class='ocrx_word' id='word_1_57' title='bbox 236 922 302 1012; x_wconf 78' lang='grc' dir='ltr'><strong><em>ἄρα</em></strong></span> <span class='ocrx_word' id='word_1_58' title='bbox 328 928 387 1010; x_wconf 85' lang='grc' dir='ltr'><strong><em>τὴς</em></strong></span> <span class='ocrx_word' id='word_1_59' title='bbox 418 928 564 1011; x_wconf 82' lang='grc' dir='ltr'><strong><em>σφαίρας</em></strong></span> <span class='ocrx_word' id='word_1_60' title='bbox 592 923 769 1012; x_wconf 80' lang='grc' dir='ltr'><strong><em>διάμετρος</em></strong></span> <span class='ocrx_word' id='word_1_61' title='bbox 799 919 935 1010; x_wconf 90' lang='grc' dir='ltr'><strong><em>ἡμιολία</em></strong></span> <span class='ocrx_word' id='word_1_62' title='bbox 964 922 1038 991; x_wconf 80' lang='grc' dir='ltr'><strong><em>ἐστὶ</em></strong></span> <span class='ocrx_word' id='word_1_63' title='bbox 1065 926 1123 1009; x_wconf 82' lang='grc' dir='ltr'><strong><em>τῆς</em></strong></span> 
     </span>
     <span class='ocr_line' id='line_1_9' title="bbox 101 1027 886 1119; baseline 0.003 -23"><span class='ocrx_word' id='word_1_64' title='bbox 101 1038 246 1119; x_wconf 82' lang='grc' dir='ltr'><strong><em>πλευρᾶς</em></strong></span> <span class='ocrx_word' id='word_1_65' title='bbox 268 1041 327 1117; x_wconf 83' lang='grc' dir='ltr'><strong><em>τῆς</em></strong></span> <span class='ocrx_word' id='word_1_66' title='bbox 350 1034 550 1118; x_wconf 74' lang='grc' dir='ltr'><strong><em>πυραμίδος·</em></strong></span> <span class='ocrx_word' id='word_1_67' title='bbox 573 1027 655 1118; x_wconf 85' lang='grc' dir='ltr'><strong><em>ὅπερ</em></strong></span> <span class='ocrx_word' id='word_1_68' title='bbox 678 1033 748 1098; x_wconf 75' lang='grc' dir='ltr'><strong><em>ἔδει</em></strong></span> <span class='ocrx_word' id='word_1_69' title='bbox 770 1030 886 1111; x_wconf 78' lang='grc' dir='ltr'><strong><em>δεῖξαι.</em></strong></span> 
     </span>
    </p>
   </div>
   <div class='ocr_carea' id='block_1_4' title="bbox 50 1285 1151 3293">
    <p class='ocr_par' dir='ltr' id='par_1_5' title="bbox 50 1285 1122 1595">
     <span class='ocr_line' id='line_1_10' title="bbox 532 1285 683 1366; baseline -0.013 -19"><span class='ocrx_word' id='word_1_70' title='bbox 532 1285 683 1366; x_wconf 80' lang='grc' dir='ltr'><strong><em>Λῆμμα.</em></strong></span> 
     </span>
     <span class='ocr_line' id='line_1_11' title="bbox 50 1399 1122 1489; baseline 0 -19"><span class='ocrx_word' id='word_1_71' title='bbox 50 1422 83 1471; x_wconf 85' lang='grc'><strong><em>10</em></strong></span> <span class='ocrx_word' id='word_1_72' title='bbox 168 1401 340 1488; x_wconf 77' lang='grc' dir='ltr'><strong><em>Δεικτέον,</em></strong></span> <span class='ocrx_word' id='word_1_73' title='bbox 364 1399 416 1470; x_wconf 83' lang='grc' dir='ltr'><strong><em>ὅτι</em></strong></span> <span class='ocrx_word' id='word_1_74' title='bbox 440 1402 530 1470; x_wconf 80' lang='grc' dir='ltr'><strong><em>ἐστίν</em></strong></span> <span class='ocrx_word' id='word_1_75' title='bbox 550 1399 595 1483; x_wconf 79' lang='grc' dir='ltr'><strong><em>ὡς</em></strong></span> <span class='ocrx_word' id='word_1_76' title='bbox 612 1400 633 1489; x_wconf 89' lang='grc' dir='ltr'><strong><em>ἡ</em></strong></span> <span class='ocrx_word' id='word_1_77' title='bbox 652 1408 717 1470; x_wconf 92' lang='lat' dir='ltr'><strong><em>AB</em></strong></span> <span class='ocrx_word' id='word_1_78' title='bbox 735 1400 820 1486; x_wconf 86' lang='grc' dir='ltr'><strong><em>πρὸς</em></strong></span> <span class='ocrx_word' id='word_1_79' title='bbox 837 1399 900 1487; x_wconf 88' lang='grc' dir='ltr'><strong><em>τὴν</em></strong></span> <span class='ocrx_word' id='word_1_80' title='bbox 918 1405 993 1486; x_wconf 89' lang='grc' dir='ltr'><strong><em>ΒΓ,</em></strong></span> <span class='ocrx_word' id='word_1_81' title='bbox 1015 1399 1122 1481; x_wconf 78' lang='grc' dir='ltr'><strong><em>οὕτως</em></strong></span> 
     </span>
     <span class='ocr_line' id='line_1_12' title="bbox 101 1505 837 1595; baseline 0 -20"><span class='ocrx_word' id='word_1_82' title='bbox 101 1505 138 1575; x_wconf 85' lang='grc' dir='ltr'><strong><em>τὸ</em></strong></span> <span class='ocrx_word' id='word_1_83' title='bbox 163 1505 229 1575; x_wconf 86' lang='grc' dir='ltr'><strong><em>άπὸ</em></strong></span> <span class='ocrx_word' id='word_1_84' title='bbox 253 1511 312 1594; x_wconf 84' lang='grc' dir='ltr'><strong><em>τῆς</em></strong></span> <span class='ocrx_word' id='word_1_85' title='bbox 333 1515 400 1574; x_wconf 86' lang='grc' dir='ltr'><strong><em>ΑΔ</em></strong></span> <span class='ocrx_word' id='word_1_86' title='bbox 422 1505 506 1595; x_wconf 86' lang='grc' dir='ltr'><strong><em>πρὸς</em></strong></span> <span class='ocrx_word' id='word_1_87' title='bbox 528 1506 566 1576; x_wconf 85' lang='grc' dir='ltr'><strong><em>τὸ</em></strong></span> <span class='ocrx_word' id='word_1_88' title='bbox 589 1506 655 1576; x_wconf 86' lang='grc' dir='ltr'><strong><em>άπὸ</em></strong></span> <span class='ocrx_word' id='word_1_89' title='bbox 680 1518 738 1594; x_wconf 80' lang='grc' dir='ltr'><strong><em>τῆς</em></strong></span> <span class='ocrx_word' id='word_1_90' title='bbox 761 1513 837 1575; x_wconf 90' lang='grc' dir='ltr'><strong><em>ΔΓ.</em></strong></span> 
     </span>
    </p>

    <p class='ocr_par' dir='ltr' id='par_1_6' title="bbox 101 1609 1126 1915">
     <span class='ocr_line' id='line_1_13' title="bbox 165 1609 1120 1702; baseline 0 -22"><span class='ocrx_word' id='word_1_91' title='bbox 165 1609 345 1682; x_wconf 78' lang='grc' dir='ltr'><strong><em>Ἐκκείσθω</em></strong></span> <span class='ocrx_word' id='word_1_92' title='bbox 373 1611 438 1702; x_wconf 83' lang='grc' dir='ltr'><strong><em>γάρ</em></strong></span> <span class='ocrx_word' id='word_1_93' title='bbox 465 1611 486 1701; x_wconf 90' lang='grc' dir='ltr'><strong><em>ἡ</em></strong></span> <span class='ocrx_word' id='word_1_94' title='bbox 510 1625 571 1682; x_wconf 87' lang='grc' dir='ltr'><strong><em>τοῦ</em></strong></span> <span class='ocrx_word' id='word_1_95' title='bbox 598 1611 798 1700; x_wconf 82' lang='grc' dir='ltr'><strong><em>ἡμικυκλίου</em></strong></span> <span class='ocrx_word' id='word_1_96' title='bbox 820 1612 1037 1700; x_wconf 86' lang='grc' dir='ltr'><strong><em>καταγραφή,</em></strong></span> <span class='ocrx_word' id='word_1_97' title='bbox 1066 1614 1120 1681; x_wconf 78' lang='grc' dir='ltr'><strong><em>καὶ</em></strong></span> 
     </span>
     <span class='ocr_line' id='line_1_14' title="bbox 102 1716 1126 1808; baseline -0.002 -19"><span class='ocrx_word' id='word_1_98' title='bbox 102 1719 288 1807; x_wconf 80' lang='grc' dir='ltr'><strong><em>ἐπεζεύχθω</em></strong></span> <span class='ocrx_word' id='word_1_99' title='bbox 320 1717 341 1807; x_wconf 91' lang='grc' dir='ltr'><strong><em>ἡ</em></strong></span> <span class='ocrx_word' id='word_1_100' title='bbox 375 1726 457 1805; x_wconf 93' lang='grc' dir='ltr'><strong><em>ΔΒ,</em></strong></span> <span class='ocrx_word' id='word_1_101' title='bbox 489 1721 545 1787; x_wconf 81' lang='grc' dir='ltr'><strong><em>καὶ</em></strong></span> <span class='ocrx_word' id='word_1_102' title='bbox 578 1716 829 1808; x_wconf 76' lang='grc' dir='ltr'><strong><em>ἀναγεγράφθω</em></strong></span> <span class='ocrx_word' id='word_1_103' title='bbox 862 1716 927 1787; x_wconf 83' lang='grc' dir='ltr'><strong><em>άπὸ</em></strong></span> <span class='ocrx_word' id='word_1_104' title='bbox 960 1723 1023 1806; x_wconf 83' lang='grc' dir='ltr'><strong><em>τῆς</em></strong></span> <span class='ocrx_word' id='word_1_105' title='bbox 1055 1723 1126 1787; x_wconf 91' lang='lat' dir='ltr'><strong><em>AF</em></strong></span> 
     </span>
     <span class='ocr_line' id='line_1_15' title="bbox 101 1823 1120 1915; baseline -0.002 -21"><span class='ocrx_word' id='word_1_106' title='bbox 101 1826 313 1915; x_wconf 84' lang='grc' dir='ltr'><strong><em>τετράγωνον</em></strong></span> <span class='ocrx_word' id='word_1_107' title='bbox 335 1827 373 1894; x_wconf 89' lang='grc' dir='ltr'><strong><em>τὸ</em></strong></span> <span class='ocrx_word' id='word_1_108' title='bbox 392 1831 466 1912; x_wconf 85' lang='grc' dir='ltr'><strong><em>ΕΓ,</em></strong></span> <span class='ocrx_word' id='word_1_109' title='bbox 489 1826 545 1893; x_wconf 79' lang='grc' dir='ltr'><strong><em>καὶ</em></strong></span> <span class='ocrx_word' id='word_1_110' title='bbox 568 1825 869 1913; x_wconf 75' lang='grc' dir='ltr'><strong><em>συμπεπληρώσθω</em></strong></span> <span class='ocrx_word' id='word_1_111' title='bbox 892 1823 930 1893; x_wconf 86' lang='grc' dir='ltr'><strong><em>τὸ</em></strong></span> <span class='ocrx_word' id='word_1_112' title='bbox 951 1832 1015 1893; x_wconf 90' lang='grc' dir='ltr'><strong><em>ΖΒ</em></strong></span> <span class='ocrx_word' id='word_1_113' title='bbox 1038 1849 1120 1914; x_wconf 90' lang='grc' dir='ltr'><strong><em>παρ-</em></strong></span> 
     </span>
    </p>

    <p class='ocr_par' dir='ltr' id='par_1_7' title="bbox 50 1923 1122 2445">
     <span class='ocr_line' id='line_1_16' title="bbox 50 1923 1119 2020; baseline 0 -20"><span class='ocrx_word' id='word_1_114' title='bbox 50 1951 83 2001; x_wconf 85' lang='lat'><strong><em>15</em></strong></span> <span class='ocrx_word' id='word_1_115' title='bbox 103 1933 392 2020; x_wconf 88' lang='grc' dir='ltr'><strong><em>αλληλόγραμμον.</em></strong></span> <span class='ocrx_word' id='word_1_116' title='bbox 438 1932 507 1999; x_wconf 75' lang='grc' dir='ltr'><strong><em>ἐπεὶ</em></strong></span> <span class='ocrx_word' id='word_1_117' title='bbox 532 1923 595 2000; x_wconf 82' lang='grc' dir='ltr'><strong><em>οὖν</em></strong></span> <span class='ocrx_word' id='word_1_118' title='bbox 618 1931 675 2000; x_wconf 78' lang='grc' dir='ltr'><strong><em>διά</em></strong></span> <span class='ocrx_word' id='word_1_119' title='bbox 699 1930 737 2000; x_wconf 88' lang='grc' dir='ltr'><strong><em>τὸ</em></strong></span> <span class='ocrx_word' id='word_1_120' title='bbox 763 1930 944 2018; x_wconf 84' lang='grc' dir='ltr'><strong><em>ἰσογώνιον</em></strong></span> <span class='ocrx_word' id='word_1_121' title='bbox 968 1929 1058 1999; x_wconf 78' lang='grc' dir='ltr'><strong><em>εἶναι</em></strong></span> <span class='ocrx_word' id='word_1_122' title='bbox 1082 1931 1119 2000; x_wconf 86' lang='grc' dir='ltr'><strong><em>τὸ</em></strong></span> 
     </span>
     <span class='ocr_line' id='line_1_17' title="bbox 103 2034 1121 2131; baseline -0.001 -25"><span class='ocrx_word' id='word_1_123' title='bbox 103 2048 202 2107; x_wconf 85' lang='grc' dir='ltr'><strong><em>ΔΑΒ</em></strong></span> <span class='ocrx_word' id='word_1_124' title='bbox 235 2044 402 2126; x_wconf 89' lang='grc' dir='ltr'><strong><em>τρίγωνον</em></strong></span> <span class='ocrx_word' id='word_1_125' title='bbox 434 2042 479 2130; x_wconf 78' lang='grc' dir='ltr'><strong><em>τῷ</em></strong></span> <span class='ocrx_word' id='word_1_126' title='bbox 509 2044 614 2106; x_wconf 86' lang='grc' dir='ltr'><strong><em>ΛΑΓ</em></strong></span> <span class='ocrx_word' id='word_1_127' title='bbox 635 2039 786 2131; x_wconf 77' lang='grc' dir='ltr'><strong><em>τριγώνῳ</em></strong></span> <span class='ocrx_word' id='word_1_128' title='bbox 822 2037 912 2105; x_wconf 79' lang='grc' dir='ltr'><strong><em>ἐστίν</em></strong></span> <span class='ocrx_word' id='word_1_129' title='bbox 940 2034 985 2118; x_wconf 88' lang='grc' dir='ltr'><strong><em>ώς</em></strong></span> <span class='ocrx_word' id='word_1_130' title='bbox 1013 2037 1034 2123; x_wconf 92' lang='grc' dir='ltr'><strong><em>ἡ</em></strong></span> <span class='ocrx_word' id='word_1_131' title='bbox 1060 2044 1121 2105; x_wconf 88' lang='grc' dir='ltr'><strong><em>ΒΑ</em></strong></span> 
     </span>
     <span class='ocr_line' id='line_1_18' title="bbox 101 2141 1122 2232; baseline 0 -20"><span class='ocrx_word' id='word_1_132' title='bbox 101 2144 185 2232; x_wconf 86' lang='grc' dir='ltr'><strong><em>πρὸς</em></strong></span> <span class='ocrx_word' id='word_1_133' title='bbox 207 2143 269 2232; x_wconf 90' lang='grc' dir='ltr'><strong><em>τὴν</em></strong></span> <span class='ocrx_word' id='word_1_134' title='bbox 291 2154 373 2230; x_wconf 88' lang='grc' dir='ltr'><strong><em>ΑΛ,</em></strong></span> <span class='ocrx_word' id='word_1_135' title='bbox 402 2141 509 2224; x_wconf 78' lang='grc' dir='ltr'><strong><em>οὕτως</em></strong></span> <span class='ocrx_word' id='word_1_136' title='bbox 538 2141 559 2230; x_wconf 95' lang='grc' dir='ltr'><strong><em>ἡ</em></strong></span> <span class='ocrx_word' id='word_1_137' title='bbox 584 2151 651 2211; x_wconf 88' lang='grc' dir='ltr'><strong><em>ΛΑ</em></strong></span> <span class='ocrx_word' id='word_1_138' title='bbox 677 2142 760 2232; x_wconf 87' lang='grc' dir='ltr'><strong><em>πρὸς</em></strong></span> <span class='ocrx_word' id='word_1_139' title='bbox 786 2141 847 2231; x_wconf 86' lang='grc' dir='ltr'><strong><em>τὴν</em></strong></span> <span class='ocrx_word' id='word_1_140' title='bbox 876 2149 955 2229; x_wconf 91' lang='lat' dir='ltr'><strong><em>AF,</em></strong></span> <span class='ocrx_word' id='word_1_141' title='bbox 984 2142 1022 2212; x_wconf 86' lang='grc' dir='ltr'><strong><em>τὸ</em></strong></span> <span class='ocrx_word' id='word_1_142' title='bbox 1055 2142 1122 2232; x_wconf 83' lang='grc' dir='ltr'><strong><em>άρα</em></strong></span> 
     </span>
     <span class='ocr_line' id='line_1_19' title="bbox 101 2248 1122 2342; baseline -0.002 -23"><span class='ocrx_word' id='word_1_143' title='bbox 101 2248 167 2319; x_wconf 81' lang='grc' dir='ltr'><strong><em>ὑπὸ</em></strong></span> <span class='ocrx_word' id='word_1_144' title='bbox 195 2256 263 2319; x_wconf 83' lang='grc' dir='ltr'><strong><em>τών</em></strong></span> <span class='ocrx_word' id='word_1_145' title='bbox 291 2259 367 2335; x_wconf 89' lang='lat' dir='ltr'><strong><em>BA,</em></strong></span> <span class='ocrx_word' id='word_1_146' title='bbox 394 2257 464 2318; x_wconf 88' lang='lat' dir='ltr'><strong><em>AF</em></strong></span> <span class='ocrx_word' id='word_1_147' title='bbox 488 2259 564 2319; x_wconf 87' lang='grc' dir='ltr'><strong><em>ίσον</em></strong></span> <span class='ocrx_word' id='word_1_148' title='bbox 595 2250 663 2319; x_wconf 84' lang='grc' dir='ltr'><strong><em>ἐστὶ</em></strong></span> <span class='ocrx_word' id='word_1_149' title='bbox 690 2254 736 2342; x_wconf 74' lang='grc' dir='ltr'><strong><em>τῷ</em></strong></span> <span class='ocrx_word' id='word_1_150' title='bbox 764 2248 829 2318; x_wconf 87' lang='grc' dir='ltr'><strong><em>άπὸ</em></strong></span> <span class='ocrx_word' id='word_1_151' title='bbox 857 2253 915 2336; x_wconf 79' lang='grc' dir='ltr'><strong><em>τῆς</em></strong></span> <span class='ocrx_word' id='word_1_152' title='bbox 938 2258 1013 2318; x_wconf 87' lang='grc' dir='ltr'><strong><em>ΑΛ.</em></strong></span> <span class='ocrx_word' id='word_1_153' title='bbox 1065 2251 1122 2318; x_wconf 78' lang='grc' dir='ltr'><strong><em>καὶ</em></strong></span> 
     </span>
     <span class='ocr_line' id='line_1_20' title="bbox 103 2352 1122 2445; baseline 0 -21"><span class='ocrx_word' id='word_1_154' title='bbox 103 2359 177 2425; x_wconf 80' lang='grc' dir='ltr'><strong><em>ἐπεί</em></strong></span> <span class='ocrx_word' id='word_1_155' title='bbox 205 2359 296 2424; x_wconf 82' lang='grc' dir='ltr'><strong><em>ἐστιν</em></strong></span> <span class='ocrx_word' id='word_1_156' title='bbox 328 2353 373 2436; x_wconf 80' lang='grc' dir='ltr'><strong><em>ὡς</em></strong></span> <span class='ocrx_word' id='word_1_157' title='bbox 404 2354 424 2443; x_wconf 89' lang='grc' dir='ltr'><strong><em>ἡ</em></strong></span> <span class='ocrx_word' id='word_1_158' title='bbox 455 2363 520 2424; x_wconf 94' lang='lat' dir='ltr'><strong><em>AB</em></strong></span> <span class='ocrx_word' id='word_1_159' title='bbox 548 2355 632 2445; x_wconf 88' lang='grc' dir='ltr'><strong><em>πρὸς</em></strong></span> <span class='ocrx_word' id='word_1_160' title='bbox 658 2354 721 2445; x_wconf 81' lang='grc' dir='ltr'><strong><em>τὴν</em></strong></span> <span class='ocrx_word' id='word_1_161' title='bbox 748 2362 820 2442; x_wconf 90' lang='grc' dir='ltr'><strong><em>ΒΓ,</em></strong></span> <span class='ocrx_word' id='word_1_162' title='bbox 854 2352 959 2434; x_wconf 75' lang='grc' dir='ltr'><strong><em>οὕτως</em></strong></span> <span class='ocrx_word' id='word_1_163' title='bbox 987 2353 1025 2424; x_wconf 84' lang='grc' dir='ltr'><strong><em>τὸ</em></strong></span> <span class='ocrx_word' id='word_1_164' title='bbox 1057 2363 1122 2424; x_wconf 87' lang='grc' dir='ltr'><strong><em>ΕΒ</em></strong></span> 
     </span>
    </p>

    <p class='ocr_par' dir='ltr' id='par_1_8' title="bbox 50 2458 1123 2978">
     <span class='ocr_line' id='line_1_21' title="bbox 50 2458 1123 2550; baseline 0.001 -21"><span class='ocrx_word' id='word_1_165' title='bbox 50 2481 85 2531; x_wconf 81' lang='lat'><strong><em>20</em></strong></span> <span class='ocrx_word' id='word_1_166' title='bbox 103 2461 186 2550; x_wconf 77' lang='grc' dir='ltr'><strong><em>πρὸς</em></strong></span> <span class='ocrx_word' id='word_1_167' title='bbox 208 2460 246 2529; x_wconf 88' lang='grc' dir='ltr'><strong><em>τὸ</em></strong></span> <span class='ocrx_word' id='word_1_168' title='bbox 270 2468 348 2548; x_wconf 89' lang='grc' dir='ltr'><strong><em>ΒΖ,</em></strong></span> <span class='ocrx_word' id='word_1_169' title='bbox 375 2468 434 2529; x_wconf 89' lang='grc' dir='ltr'><strong><em>καί</em></strong></span> <span class='ocrx_word' id='word_1_170' title='bbox 454 2464 523 2532; x_wconf 76' lang='grc' dir='ltr'><strong><em>ἐστι</em></strong></span> <span class='ocrx_word' id='word_1_171' title='bbox 550 2463 588 2531; x_wconf 88' lang='grc' dir='ltr'><strong><em>τὸ</em></strong></span> <span class='ocrx_word' id='word_1_172' title='bbox 618 2461 680 2548; x_wconf 72' lang='grc' dir='ltr'><strong><em>μὲν</em></strong></span> <span class='ocrx_word' id='word_1_173' title='bbox 706 2469 771 2530; x_wconf 90' lang='grc' dir='ltr'><strong><em>ΕΒ</em></strong></span> <span class='ocrx_word' id='word_1_174' title='bbox 792 2460 830 2530; x_wconf 87' lang='grc' dir='ltr'><strong><em>τὸ</em></strong></span> <span class='ocrx_word' id='word_1_175' title='bbox 854 2458 921 2530; x_wconf 84' lang='grc' dir='ltr'><strong><em>ὑπὸ</em></strong></span> <span class='ocrx_word' id='word_1_176' title='bbox 944 2472 1013 2529; x_wconf 82' lang='grc' dir='ltr'><strong><em>τῶν</em></strong></span> <span class='ocrx_word' id='word_1_177' title='bbox 1037 2469 1123 2548; x_wconf 90' lang='grc' dir='ltr'><strong><em>ΒΑ,</em></strong></span> 
     </span>
     <span class='ocr_line' id='line_1_22' title="bbox 103 2565 1122 2657; baseline 0.002 -22"><span class='ocrx_word' id='word_1_178' title='bbox 103 2574 180 2636; x_wconf 92' lang='grc' dir='ltr'><strong><em>ΑΓ·</em></strong></span> <span class='ocrx_word' id='word_1_179' title='bbox 209 2576 264 2655; x_wconf 85' lang='grc' dir='ltr'><strong><em>ίση</em></strong></span> <span class='ocrx_word' id='word_1_180' title='bbox 293 2567 357 2657; x_wconf 83' lang='grc' dir='ltr'><strong><em>γὰρ</em></strong></span> <span class='ocrx_word' id='word_1_181' title='bbox 385 2567 406 2655; x_wconf 87' lang='grc' dir='ltr'><strong><em>ἡ</em></strong></span> <span class='ocrx_word' id='word_1_182' title='bbox 431 2577 497 2637; x_wconf 86' lang='grc' dir='ltr'><strong><em>ΕΑ</em></strong></span> <span class='ocrx_word' id='word_1_183' title='bbox 523 2573 563 2657; x_wconf 81' lang='grc' dir='ltr'><strong><em>τῇ</em></strong></span> <span class='ocrx_word' id='word_1_184' title='bbox 586 2574 663 2636; x_wconf 92' lang='grc' dir='ltr'><strong><em>ΑΓ·</em></strong></span> <span class='ocrx_word' id='word_1_185' title='bbox 690 2566 728 2636; x_wconf 87' lang='grc' dir='ltr'><strong><em>τὸ</em></strong></span> <span class='ocrx_word' id='word_1_186' title='bbox 753 2567 791 2636; x_wconf 74' lang='grc' dir='ltr'><strong><em>δὲ</em></strong></span> <span class='ocrx_word' id='word_1_187' title='bbox 814 2575 876 2636; x_wconf 89' lang='grc' dir='ltr'><strong><em>ΒΖ</em></strong></span> <span class='ocrx_word' id='word_1_188' title='bbox 899 2566 936 2635; x_wconf 85' lang='grc' dir='ltr'><strong><em>τὸ</em></strong></span> <span class='ocrx_word' id='word_1_189' title='bbox 960 2565 1027 2636; x_wconf 85' lang='grc' dir='ltr'><strong><em>ὑπὸ</em></strong></span> <span class='ocrx_word' id='word_1_190' title='bbox 1052 2573 1122 2637; x_wconf 83' lang='grc' dir='ltr'><strong><em>τών</em></strong></span> 
     </span>
     <span class='ocr_line' id='line_1_23' title="bbox 103 2671 1122 2763; baseline 0.001 -22"><span class='ocrx_word' id='word_1_191' title='bbox 103 2680 179 2760; x_wconf 93' lang='grc' dir='ltr'><strong><em>ΑΓ,</em></strong></span> <span class='ocrx_word' id='word_1_192' title='bbox 203 2680 279 2761; x_wconf 89' lang='grc' dir='ltr'><strong><em>ΓΒ,</em></strong></span> <span class='ocrx_word' id='word_1_193' title='bbox 304 2673 349 2754; x_wconf 87' lang='grc' dir='ltr'><strong><em>ώς</em></strong></span> <span class='ocrx_word' id='word_1_194' title='bbox 372 2674 437 2763; x_wconf 78' lang='grc' dir='ltr'><strong><em>ἄρα</em></strong></span> <span class='ocrx_word' id='word_1_195' title='bbox 459 2672 480 2761; x_wconf 91' lang='grc' dir='ltr'><strong><em>ἡ</em></strong></span> <span class='ocrx_word' id='word_1_196' title='bbox 500 2679 565 2742; x_wconf 85' lang='grc' dir='ltr'><strong><em>ΑΒ</em></strong></span> <span class='ocrx_word' id='word_1_197' title='bbox 588 2673 674 2759; x_wconf 87' lang='grc' dir='ltr'><strong><em>πρὸς</em></strong></span> <span class='ocrx_word' id='word_1_198' title='bbox 690 2672 752 2761; x_wconf 91' lang='grc' dir='ltr'><strong><em>τὴν</em></strong></span> <span class='ocrx_word' id='word_1_199' title='bbox 770 2679 843 2760; x_wconf 89' lang='grc' dir='ltr'><strong><em>ΒΓ,</em></strong></span> <span class='ocrx_word' id='word_1_200' title='bbox 868 2671 973 2754; x_wconf 78' lang='grc' dir='ltr'><strong><em>οὕτως</em></strong></span> <span class='ocrx_word' id='word_1_201' title='bbox 995 2673 1032 2742; x_wconf 87' lang='grc' dir='ltr'><strong><em>τὸ</em></strong></span> <span class='ocrx_word' id='word_1_202' title='bbox 1054 2673 1122 2742; x_wconf 80' lang='grc' dir='ltr'><strong><em>ὑπὸ</em></strong></span> 
     </span>
     <span class='ocr_line' id='line_1_24' title="bbox 103 2778 1123 2869; baseline 0.002 -22"><span class='ocrx_word' id='word_1_203' title='bbox 103 2784 171 2847; x_wconf 86' lang='grc' dir='ltr'><strong><em>τών</em></strong></span> <span class='ocrx_word' id='word_1_204' title='bbox 199 2788 274 2866; x_wconf 90' lang='grc' dir='ltr'><strong><em>ΒΑ,</em></strong></span> <span class='ocrx_word' id='word_1_205' title='bbox 303 2787 371 2849; x_wconf 89' lang='grc' dir='ltr'><strong><em>ΑΓ</em></strong></span> <span class='ocrx_word' id='word_1_206' title='bbox 393 2780 477 2869; x_wconf 85' lang='grc' dir='ltr'><strong><em>πρὸς</em></strong></span> <span class='ocrx_word' id='word_1_207' title='bbox 504 2778 541 2848; x_wconf 86' lang='grc' dir='ltr'><strong><em>τὸ</em></strong></span> <span class='ocrx_word' id='word_1_208' title='bbox 565 2778 631 2849; x_wconf 84' lang='grc' dir='ltr'><strong><em>ὑπὸ</em></strong></span> <span class='ocrx_word' id='word_1_209' title='bbox 659 2784 728 2849; x_wconf 85' lang='grc' dir='ltr'><strong><em>τών</em></strong></span> <span class='ocrx_word' id='word_1_210' title='bbox 750 2786 826 2865; x_wconf 91' lang='grc' dir='ltr'><strong><em>ΑΓ,</em></strong></span> <span class='ocrx_word' id='word_1_211' title='bbox 856 2786 927 2849; x_wconf 93' lang='grc' dir='ltr'><strong><em>ΓΒ.</em></strong></span> <span class='ocrx_word' id='word_1_212' title='bbox 971 2786 1030 2847; x_wconf 90' lang='grc' dir='ltr'><strong><em>καί</em></strong></span> <span class='ocrx_word' id='word_1_213' title='bbox 1053 2783 1123 2849; x_wconf 79' lang='grc' dir='ltr'><strong><em>ἐστι</em></strong></span> 
     </span>
     <span class='ocr_line' id='line_1_25' title="bbox 103 2884 1122 2978; baseline 0.002 -25"><span class='ocrx_word' id='word_1_214' title='bbox 103 2885 141 2954; x_wconf 87' lang='grc' dir='ltr'><strong><em>τὸ</em></strong></span> <span class='ocrx_word' id='word_1_215' title='bbox 166 2886 227 2973; x_wconf 70' lang='grc' dir='ltr'><strong><em>μὲν</em></strong></span> <span class='ocrx_word' id='word_1_216' title='bbox 249 2884 315 2955; x_wconf 81' lang='grc' dir='ltr'><strong><em>ὑπὸ</em></strong></span> <span class='ocrx_word' id='word_1_217' title='bbox 339 2898 408 2956; x_wconf 82' lang='grc' dir='ltr'><strong><em>τών</em></strong></span> <span class='ocrx_word' id='word_1_218' title='bbox 430 2894 509 2972; x_wconf 86' lang='grc' dir='ltr'><strong><em>ΒΑ,</em></strong></span> <span class='ocrx_word' id='word_1_219' title='bbox 537 2892 609 2954; x_wconf 90' lang='grc' dir='ltr'><strong><em>ΑΓ</em></strong></span> <span class='ocrx_word' id='word_1_220' title='bbox 628 2895 705 2954; x_wconf 87' lang='grc' dir='ltr'><strong><em>ίσον</em></strong></span> <span class='ocrx_word' id='word_1_221' title='bbox 726 2890 773 2978; x_wconf 81' lang='grc' dir='ltr'><strong><em>τῷ</em></strong></span> <span class='ocrx_word' id='word_1_222' title='bbox 801 2884 866 2954; x_wconf 88' lang='grc' dir='ltr'><strong><em>άπὸ</em></strong></span> <span class='ocrx_word' id='word_1_223' title='bbox 889 2889 949 2973; x_wconf 77' lang='grc' dir='ltr'><strong><em>τῆς</em></strong></span> <span class='ocrx_word' id='word_1_224' title='bbox 971 2894 1055 2973; x_wconf 88' lang='lat' dir='ltr'><strong><em>AA,</em></strong></span> <span class='ocrx_word' id='word_1_225' title='bbox 1085 2884 1122 2955; x_wconf 83' lang='grc' dir='ltr'><strong><em>τὸ</em></strong></span> 
     </span>
    </p>

    <p class='ocr_par' dir='ltr' id='par_1_9' title="bbox 50 2989 1151 3293">
     <span class='ocr_line' id='line_1_26' title="bbox 50 2989 1127 3085; baseline -0.001 -24"><span class='ocrx_word' id='word_1_226' title='bbox 50 3011 84 3061; x_wconf 82' lang='lat'><strong><em>25</em></strong></span> <span class='ocrx_word' id='word_1_227' title='bbox 105 2992 142 3061; x_wconf 76' lang='grc' dir='ltr'><strong><em>δὲ</em></strong></span> <span class='ocrx_word' id='word_1_228' title='bbox 165 2990 230 3061; x_wconf 85' lang='grc' dir='ltr'><strong><em>ὑπὸ</em></strong></span> <span class='ocrx_word' id='word_1_229' title='bbox 255 2997 322 3061; x_wconf 80' lang='grc' dir='ltr'><strong><em>τών</em></strong></span> <span class='ocrx_word' id='word_1_230' title='bbox 345 2999 442 3061; x_wconf 90' lang='grc' dir='ltr'><strong><em>ΑΓΒ</em></strong></span> <span class='ocrx_word' id='word_1_231' title='bbox 471 3001 547 3061; x_wconf 87' lang='grc' dir='ltr'><strong><em>ίσον</em></strong></span> <span class='ocrx_word' id='word_1_232' title='bbox 575 2997 620 3085; x_wconf 78' lang='grc' dir='ltr'><strong><em>τῷ</em></strong></span> <span class='ocrx_word' id='word_1_233' title='bbox 640 2991 706 3061; x_wconf 86' lang='grc' dir='ltr'><strong><em>άπὸ</em></strong></span> <span class='ocrx_word' id='word_1_234' title='bbox 730 2995 790 3078; x_wconf 81' lang='grc' dir='ltr'><strong><em>τῆς</em></strong></span> <span class='ocrx_word' id='word_1_235' title='bbox 812 2999 890 3061; x_wconf 86' lang='lat' dir='ltr'><strong><em>AF·</em></strong></span> <span class='ocrx_word' id='word_1_236' title='bbox 920 2989 1029 3080; x_wconf 84' lang='grc' dir='ltr'><strong><em>ἡγάρ</em></strong></span> <span class='ocrx_word' id='word_1_237' title='bbox 1057 2997 1127 3061; x_wconf 89' lang='grc' dir='ltr'><strong><em>ΔΓ</em></strong></span> 
     </span>
     <span class='ocr_line' id='line_1_27' title="bbox 102 3096 1123 3187; baseline 0.002 -22"><span class='ocrx_word' id='word_1_238' title='bbox 102 3097 245 3178; x_wconf 82' lang='grc' dir='ltr'><strong><em>κάθετος</em></strong></span> <span class='ocrx_word' id='word_1_239' title='bbox 266 3109 333 3166; x_wconf 81' lang='grc' dir='ltr'><strong><em>τῶν</em></strong></span> <span class='ocrx_word' id='word_1_240' title='bbox 356 3104 413 3187; x_wconf 84' lang='grc' dir='ltr'><strong><em>τὴς</em></strong></span> <span class='ocrx_word' id='word_1_241' title='bbox 431 3099 560 3186; x_wconf 83' lang='grc' dir='ltr'><strong><em>βάσεως</em></strong></span> <span class='ocrx_word' id='word_1_242' title='bbox 577 3098 756 3186; x_wconf 78' lang='grc' dir='ltr'><strong><em>τμημάτων</em></strong></span> <span class='ocrx_word' id='word_1_243' title='bbox 774 3102 842 3166; x_wconf 86' lang='grc' dir='ltr'><strong><em>τών</em></strong></span> <span class='ocrx_word' id='word_1_244' title='bbox 860 3103 936 3185; x_wconf 89' lang='grc' dir='ltr'><strong><em>ΑΓ,</em></strong></span> <span class='ocrx_word' id='word_1_245' title='bbox 956 3096 1017 3166; x_wconf 87' lang='grc' dir='ltr'><strong><em>ΓΒ</em></strong></span> <span class='ocrx_word' id='word_1_246' title='bbox 1037 3102 1123 3186; x_wconf 83' lang='grc' dir='ltr'><strong><em>μέση</em></strong></span> 
     </span>
     <span class='ocr_line' id='line_1_28' title="bbox 103 3194 1151 3293; baseline 0.002 -21"><span class='ocrx_word' id='word_1_247' title='bbox 103 3202 274 3292; x_wconf 87' lang='grc' dir='ltr'><strong><em>άνάλογόν</em></strong></span> <span class='ocrx_word' id='word_1_248' title='bbox 298 3206 367 3272; x_wconf 79' lang='grc' dir='ltr'><strong><em>ἐστι</em></strong></span> <span class='ocrx_word' id='word_1_249' title='bbox 390 3203 446 3272; x_wconf 77' lang='grc' dir='ltr'><strong><em>διὰ</em></strong></span> <span class='ocrx_word' id='word_1_250' title='bbox 469 3203 506 3273; x_wconf 89' lang='grc' dir='ltr'><strong><em>τὸ</em></strong></span> <span class='ocrx_word' id='word_1_251' title='bbox 532 3202 644 3293; x_wconf 83' lang='grc' dir='ltr'><strong><em>ὀρθὴν</em></strong></span> <span class='ocrx_word' id='word_1_252' title='bbox 663 3202 749 3274; x_wconf 82' lang='grc' dir='ltr'><strong><em>εἶναι</em></strong></span> <span class='ocrx_word' id='word_1_253' title='bbox 767 3202 829 3292; x_wconf 88' lang='grc' dir='ltr'><strong><em>τὴν</em></strong></span> <span class='ocrx_word' id='word_1_254' title='bbox 847 3203 913 3273; x_wconf 82' lang='grc' dir='ltr'><strong><em>ὑπὸ</em></strong></span> <span class='ocrx_word' id='word_1_255' title='bbox 932 3211 1044 3273; x_wconf 84' lang='grc' dir='ltr'><strong><em>ΑΔΒ.</em></strong></span> <span class='ocrx_word' id='word_1_256' title='bbox 1079 3203 1125 3286; x_wconf 86' lang='grc' dir='ltr'><strong><em>ώς</em></strong></span> <span class='ocrx_word' id='word_1_257' title='bbox 1149 3194 1151 3198; x_wconf 43' lang='grc'><strong>’</strong></span> 
     </span>
    </p>
   </div>
   <div class='ocr_carea' id='block_1_5' title="bbox 99 3393 1124 3546">
    <p class='ocr_par' dir='ltr' id='par_1_10' title="bbox 99 3393 1124 3546">
     <span class='ocr_line' id='line_1_29' title="bbox 175 3393 1124 3472; baseline 0.003 -19"><span class='ocrx_word' id='word_1_258' title='bbox 175 3406 200 3457; x_wconf 88' lang='grc'><strong><em>4.</em></strong></span> <span class='ocrx_word' id='word_1_259' title='bbox 220 3397 250 3472; x_wconf 83' lang='grc' dir='ltr'><strong><em>ἡ]</em></strong></span> <span class='ocrx_word' id='word_1_260' title='bbox 271 3402 342 3472; x_wconf 77' lang='lat' dir='ltr'><strong>(alt.)</strong></span> <span class='ocrx_word' id='word_1_261' title='bbox 362 3416 416 3454; x_wconf 89' lang='lat' dir='ltr'><strong><em>om.</em></strong></span> <span class='ocrx_word' id='word_1_262' title='bbox 436 3418 462 3468; x_wconf 91' lang='lat' dir='ltr'><strong><em>q.</em></strong></span> <span class='ocrx_word' id='word_1_263' title='bbox 527 3405 552 3454; x_wconf 80' lang='lat'><strong><em>5.</em></strong></span> <span class='ocrx_word' id='word_1_264' title='bbox 571 3400 633 3471; x_wconf 87' lang='grc' dir='ltr'><strong><em>ΑΔ]</em></strong></span> <span class='ocrx_word' id='word_1_265' title='bbox 652 3416 706 3455; x_wconf 92' lang='lat' dir='ltr'><strong><em>om.</em></strong></span> <span class='ocrx_word' id='word_1_266' title='bbox 725 3401 753 3456; x_wconf 94' lang='lat' dir='ltr'><strong><em>b.</em></strong></span> <span class='ocrx_word' id='word_1_267' title='bbox 822 3407 847 3454; x_wconf 76' lang='lat'><strong><em>⁷.</em></strong></span> <span class='ocrx_word' id='word_1_268' title='bbox 866 3393 986 3468; x_wconf 78' lang='grc' dir='ltr'><strong><em>δυνάμει</em></strong></span> <span class='ocrx_word' id='word_1_269' title='bbox 1005 3394 1124 3469; x_wconf 85' lang='grc' dir='ltr'><strong><em>ἡμιολία</em></strong></span> 
     </span>
     <span class='ocr_line' id='line_1_30' title="bbox 99 3471 1123 3546; baseline -0.001 -19"><span class='ocrx_word' id='word_1_270' title='bbox 99 3472 258 3545; x_wconf 70' lang='lat' dir='ltr'><strong><em>Gregorius,</em></strong></span> <span class='ocrx_word' id='word_1_271' title='bbox 354 3476 378 3528; x_wconf 83' lang='lat'><strong><em>9.</em></strong></span> <span class='ocrx_word' id='word_1_272' title='bbox 398 3471 507 3546; x_wconf 79' lang='grc' dir='ltr'><strong><em>λῆμμα]</em></strong></span> <span class='ocrx_word' id='word_1_273' title='bbox 526 3487 582 3528; x_wconf 84' lang='lat' dir='ltr'><strong><em>om.</em></strong></span> <span class='ocrx_word' id='word_1_274' title='bbox 600 3471 680 3528; x_wconf 71' lang='lat' dir='ltr'><strong><em>0on</em></strong></span> <span class='ocrx_word' id='word_1_275' title='bbox 772 3477 814 3525; x_wconf 83' lang='lat'><strong><em>13.</em></strong></span> <span class='ocrx_word' id='word_1_276' title='bbox 834 3471 899 3541; x_wconf 80' lang='lat' dir='ltr'><strong><em>AB]</em></strong></span> <span class='ocrx_word' id='word_1_277' title='bbox 923 3487 1008 3540; x_wconf 80' lang='lat' dir='ltr'>supra</span> <span class='ocrx_word' id='word_1_278' title='bbox 1027 3476 1123 3528; x_wconf 60' lang='lat' dir='ltr'><strong><em>sem</em></strong></span> 
     </span>
    </p>
   </div>
   <div class='ocr_carea' id='block_1_6' title="bbox 0 0 1180 3818">
    <p class='ocr_par' dir='ltr' id='par_1_11' title="bbox 0 0 1180 3818">
     <span class='ocr_line' id='line_1_31' title="bbox 0 0 1180 3818; baseline 0 0"><span class='ocrx_word' id='word_1_279' title='bbox 0 0 1180 3818; x_wconf 95' lang='lat' dir='ltr'><strong><em> </em></strong></span> 
     </span>
    </p>
   </div>
  </div>
 </body>
</html>
