2340 3818
103 110 169 175 296
478 77 680 164 Σοουεοιαα
698 109 747 179 ιγ.

102 250 169 338 ἄρα
193 251 298 338 ήΑΒ
321 251 404 340 πρὸς
427 249 488 338 τήν
506 257 579 337 ΒΓ,
604 250 710 332 οὕτως
732 250 770 319 τὸ
790 248 856 320 ἀπὸ
875 254 935 337 τῆς
948 260 1015 319 ΑΔ
1038 275 1120 338 προς

103 357 140 426 τὸ
165 355 230 427 ἀπὸ
255 363 312 445 τῆς
336 364 414 427 ΔΓ·
439 359 520 442 ὅπερ
544 362 610 426 ἔδει
633 357 747 438 δείξαι.

584 586 642 655 ιδ’.

168 713 400 801 Ὀκτάεδρον
424 710 702 797 συστήσασθαι
739 711 804 778 καὶ
832 718 983 802 σφαίρᾳ
1013 735 1117 800 περι-

68 826 257 906 σίαβεϊν,
289 811 310 907 ᾖ
342 819 407 885 καὶ
437 816 480 885 τὰ
513 818 699 905 πρότερα,
731 817 798 884 καὶ
826 819 970 904 δείξαι,
1005 817 1067 886 ὅτι
1097 815 1117 904 ἡ

102 932 168 1013 τῆς
192 932 362 1011 σφαίρας
386 922 597 1011 διάμετρος
626 922 796 1010 δυνάμει
820 928 1013 991 διπλασία
1039 924 1118 992 ἐστὶ

101 1038 169 1120 τής
192 1034 365 1119 πλευρᾶς
386 1033 456 1096 τοῦ
480 1027 708 1119 ὀκταέδρου.

166 1137 346 1206 Ἐκκείσθω
379 1135 399 1222 ή
433 1140 492 1222 τής
525 1139 684 1221 δοθείσης
716 1140 861 1223 σφαίρας
893 1134 1073 1223 διάμετρος
1099 1134 1118 1222 ή

103 1252 183 1328 ΑΒ,
216 1242 272 1309 καὶ
299 1240 475 1327 τετμήσθω
504 1245 581 1327 δίχα
607 1239 691 1308 κατὰ
717 1239 755 1309 τὸ
783 1247 822 1326 Γ,
850 1242 905 1308 καί
932 1242 1120 1328 γεγράφθω

51 1368 85 1417 10
105 1349 157 1417 ε’πί
180 1351 238 1434 τής
261 1355 326 1416 ΑΒ
349 1345 548 1434 ἡμικύκλιον
571 1345 609 1415 τὸ
629 1354 745 1432 ΑΛΒ,
768 1348 824 1414 καί
847 1346 943 1434 ήχθω
968 1345 1121 1415 ἀπὸτοῦ

102 1460 134 1522 Γ
151 1458 192 1542 τῇ
216 1460 280 1520 ΑΒ
304 1453 388 1541 πρὸς
412 1451 519 1540 ὀρθὰς
546 1450 568 1540 ή
591 1459 668 1537 ΓΛ,
695 1453 752 1521 καὶ
780 1452 966 1539 ἐπεζεύχθω
990 1451 1012 1539 ἡ
1039 1460 1120 1537 ΔΒ,

101 1562 157 1627 καί
185 1564 347 1628 ἐκκείσθω
374 1558 586 1646 τετράγωνον
615 1558 652 1627 τὸ
678 1566 815 1627 ΕΖΗΘ
842 1568 919 1645 ίσην
943 1564 1024 1646 ἔχον
1049 1559 1120 1627 ἑκά-

101 1688 184 1754 στην
207 1670 275 1735 τῶν
293 1668 448 1750 πλευρῶν
471 1669 511 1751 τῇ
530 1674 613 1748 ΔΒ,
636 1666 692 1733 καί
716 1665 968 1751 ἐπεζεύχθωσαν
991 1669 1032 1732 αί
1049 1674 1120 1752 ΘΖ,

102 1781 185 1859 ΕΗ,
208 1773 264 1840 καὶ
288 1770 456 1840 ἀνεστάτω
475 1768 541 1838 ἀπὸ
561 1776 622 1838 τοῦ
641 1777 677 1838 Κ
693 1776 832 1859 σημείου
850 1775 896 1862 τῷ
915 1775 977 1839 τοῦ
995 1778 1121 1840 ΕΖΗΘ

48 1897 82 1946 15
102 1878 313 1966 τετραγώνου
347 1878 489 1968 ἐπιπέδῳ
521 1875 605 1962 πρὸς
633 1875 740 1964 ὀρθὰς
771 1875 889 1945 εύθεῐα
916 1875 937 1963 ἡ
967 1883 1031 1944 ΚΛ
1065 1878 1120 1945 καὶ

102 1984 232 2072 διήχθω
262 1984 315 2052 ἐπὶ
344 1981 384 2050 τὰ
413 1984 507 2070 ἕτερα
536 1984 618 2070 με’ρη
646 1985 707 2050 τοῦ
731 1985 890 2051 ἐπιπέδου
912 1979 1000 2069 ύςή
1026 1991 1121 2069 ΚΜ,

105 2092 160 2157 καὶ
184 2089 376 2178 ἀφῃρήσθω
401 2086 460 2174 ἀφ’
488 2090 642 2173 ἑκατέρας
664 2092 732 2156 τῶν
755 2096 838 2173 ΚΛ,
865 2096 950 2156 ΚΜ
967 2093 1027 2177 μιᾷ
1052 2093 1122 2158 τῶν

101 2201 183 2280 ΕΚ,
208 2200 288 2280 ΖΚ,
311 2201 399 2280 ΗΚ,
428 2200 495 2261 ΘΚ
517 2203 571 2280 ίση
596 2195 733 2281 ἑκατέρα
755 2198 824 2263 τῶν
847 2201 926 2281 ΚΛ,
950 2200 1041 2280 ΚΜ,
1065 2196 1122 2263 καὶ

101 2299 353 2386 ἐπεζεύχθωσαν
373 2303 410 2366 αί
423 2307 503 2386 ΛΕ,
518 2308 600 2387 ΛΖ,
615 2308 702 2384 ΛΗ,
717 2308 796 2386 ΛΘ,
816 2308 908 2386 ΜΕ,
923 2309 1010 2385 ΜΖ,
1026 2309 1122 2389 ΜΗ,

50 2426 84 2475 20
103 2413 186 2474 ΜΘ.
235 2405 291 2472 καὶ
325 2407 394 2472 ἐπεὶ
423 2413 478 2492 ίση
507 2408 598 2475 ἐστὶν
625 2405 646 2493 ἡ
670 2413 740 2474 ΚΕ
764 2411 803 2496 τῇ
831 2413 913 2493 ΚΘ,
944 2413 1004 2475 καί
1030 2411 1125 2476 ἐστιν

102 2509 192 2598 ὀρθή
221 2509 242 2597 ἡ
271 2508 336 2579 ὑπὸ
365 2517 465 2578 ΕΚΘ
491 2518 614 2598 γωνία,
641 2511 679 2581 τὸ
707 2512 774 2598 ἄρα
801 2509 866 2581 ἀπὸ
894 2516 952 2599 τής
978 2517 1047 2581 ΘΕ
1073 2518 1123 2582 δι-

100 2616 244 2685 πλάσιόν
268 2618 337 2685 ἐστι
360 2622 422 2685 τοῦ
444 2616 510 2686 ἀπὸ
535 2623 594 2704 τῆς
611 2625 686 2686 ΕΚ.
722 2621 840 2705 πάλιν,
864 2619 933 2687 ἐπεὶ
953 2626 1008 2705 ίση
1029 2620 1125 2688 ἐστὶν

99 2720 120 2809 ή
146 2729 216 2789 ΛΚ
240 2726 279 2812 τῇ
304 2731 385 2809 ΚΕ,
413 2730 473 2791 καί
497 2727 588 2792 ἐστιν
616 2721 705 2811 ὀρθή
733 2723 754 2811 ή
785 2723 851 2793 ὑπὸ
876 2731 981 2792 ΛΚΕ
1001 2732 1124 2813 γωνία,

100 2827 139 2897 τὸ
173 2827 238 2916 ἄρα
271 2827 337 2897 ἀπὸ
370 2833 429 2915 τής
453 2836 513 2896 ΕΛ
546 2829 726 2898 διπλάσιόν
758 2834 829 2899 ἐστι
861 2834 922 2899 τού
951 2828 1015 2899 ιἰπδ
1046 2839 1124 2900 ΕΚ.

48 2953 83 3003 25
103 2936 239 3021 ἐδείχθη
270 2934 308 3002 δὲ
334 2937 390 3003 καὶ
418 2933 456 3003 τὸ
484 2932 549 3003 ύπὸ
576 2947 635 3022 τῆς
662 2944 731 3004 ΘΕ
755 2936 936 3005 διπλάσιον
965 2948 1027 3004 τοῦ
1056 2935 1125 3006 σἰπὸ

174 3154 198 3202 2.
220 3142 289 3214 ὅπερ
309 3144 370 3202 ἔδει
388 3147 494 3217 δεῖξαι]
520 3164 574 3202 om.
594 3147 627 3202 V.
736 3145 840 3217 Figura
857 3148 999 3203 lemmatis
1018 3148 1075 3204 fuit
1093 3151 1127 3206 in

103 3219 133 3272 L.
225 3225 249 3274 3.
270 3217 324 3289 ιδ’]
344 3221 378 3272 ιθ
396 3216 426 3271 L.
513 3224 540 3271 4.
560 3216 773 3285 συνστήσασθαι
791 3218 821 3286 Ρ,
841 3235 911 3274 corr.
929 3237 966 3273 m.
986 3224 1011 3273 θ.

104 3296 129 3346 ὅ.
149 3285 184 3343 τοὶ
204 3288 340 3359 πρότερα]
360 3284 412 3356 τήν
431 3289 578 3358 πυραμίδα
593 3289 691 3343 Theon
706 3287 871 3358 (LBVbq)‚
891 3309 933 3360 γρ.
951 3280 982 3358 ἦι
1001 3290 1052 3344 καί
1070 3289 1127 3360 τὴν

101 3362 248 3429 πυραμίδα
267 3377 323 3428 mg.
342 3377 380 3412 m.
401 3365 413 3412 1
435 3374 485 3427 pro
505 3360 591 3414 schol.
610 3359 641 3415 P.
728 3367 752 3416 6.
772 3360 833 3430 τῆς]
854 3377 909 3416 om.
928 3359 955 3414 b.
1045 3358 1126 3417 ἐστίν

101 3431 190 3486 PLB.
284 3434 308 3484 8.
328 3430 476 3501 δοθείσης]
498 3447 552 3484 om.
571 3449 598 3499 q.
685 3430 819 3500 σφαίρας]
840 3431 962 3500 σφαίρας
979 3429 998 3499 ἡ
1018 3438 1070 3487 ΑΒ
1090 3433 1125 3490 Ιι.
