<?xml version="1.0" encoding="UTF-8"?>
<!DOCTYPE html PUBLIC "-//W3C//DTD XHTML 1.0 Transitional//EN"
    "http://www.w3.org/TR/xhtml1/DTD/xhtml1-transitional.dtd">
<html xmlns="http://www.w3.org/1999/xhtml" xml:lang="en" lang="en">
 <head>
  <title>
</title>
<meta http-equiv="Content-Type" content="text/html;charset=utf-8" />
  <meta name='ocr-system' content='tesseract 3.04.00' />
  <meta name='ocr-capabilities' content='ocr_page ocr_carea ocr_par ocr_line ocrx_word'/>
</head>
<body>
  <div class='ocr_page' id='page_1' title='image "./euclidisoperaom04unkngoog_0385.png"; bbox 0 0 2340 3818; ppageno 0'>
   <div class='ocr_carea' id='block_1_1' title="bbox 106 156 725 223">
    <p class='ocr_par' dir='ltr' id='par_1_1' title="bbox 106 156 725 223">
     <span class='ocr_line' id='line_1_1' title="bbox 106 156 725 223; baseline -0.026 0"><span class='ocrx_word' id='word_1_1' title='bbox 106 156 173 223; x_wconf 79' lang='lat'><em>352</em></span> <span class='ocrx_word' id='word_1_2' title='bbox 502 156 686 208; x_wconf 70' lang='grc' dir='ltr'><em>αεεααωῑα</em></span> <span class='ocrx_word' id='word_1_3' title='bbox 703 157 725 207; x_wconf 91' lang='lat'><em>1.</em></span> 
     </span>
    </p>
   </div>
   <div class='ocr_carea' id='block_1_2' title="bbox 52 291 1164 3256">
    <p class='ocr_par' dir='ltr' id='par_1_2' title="bbox 52 291 1164 3256">
     <span class='ocr_line' id='line_1_2' title="bbox 106 291 1125 386; baseline -0.005 -19"><span class='ocrx_word' id='word_1_4' title='bbox 106 298 168 380; x_wconf 80' lang='grc' dir='ltr'><em>λάξ</em></span> <span class='ocrx_word' id='word_1_5' title='bbox 192 295 236 379; x_wconf 79' lang='grc' dir='ltr'><em>ὡς</em></span> <span class='ocrx_word' id='word_1_6' title='bbox 259 295 280 385; x_wconf 79' lang='grc' dir='ltr'><em>ἡ</em></span> <span class='ocrx_word' id='word_1_7' title='bbox 305 301 370 375; x_wconf 76' lang='grc' dir='ltr'><em>ΛΞ</em></span> <span class='ocrx_word' id='word_1_8' title='bbox 389 296 473 386; x_wconf 81' lang='grc' dir='ltr'><em>πρὸς</em></span> <span class='ocrx_word' id='word_1_9' title='bbox 495 295 558 382; x_wconf 79' lang='grc' dir='ltr'><em>τὴν</em></span> <span class='ocrx_word' id='word_1_10' title='bbox 581 297 659 384; x_wconf 77' lang='grc' dir='ltr'><em>ΞΟ,</em></span> <span class='ocrx_word' id='word_1_11' title='bbox 684 293 791 375; x_wconf 75' lang='grc' dir='ltr'><em>οὕτως</em></span> <span class='ocrx_word' id='word_1_12' title='bbox 813 294 834 383; x_wconf 82' lang='grc' dir='ltr'><em>ἡ</em></span> <span class='ocrx_word' id='word_1_13' title='bbox 858 299 940 364; x_wconf 99' lang='lat' dir='ltr'><em>AM</em></span> <span class='ocrx_word' id='word_1_14' title='bbox 958 291 1043 380; x_wconf 77' lang='grc' dir='ltr'><em>πρὸς</em></span> <span class='ocrx_word' id='word_1_15' title='bbox 1065 320 1125 381; x_wconf 87' lang='grc' dir='ltr'><em>την</em></span> 
     </span>
     <span class='ocr_line' id='line_1_3' title="bbox 109 400 1123 490; baseline -0.004 -19"><span class='ocrx_word' id='word_1_16' title='bbox 109 411 185 471; x_wconf 92' lang='grc' dir='ltr'><em>ΟΠ.</em></span> <span class='ocrx_word' id='word_1_17' title='bbox 237 409 358 490; x_wconf 80' lang='grc' dir='ltr'><em>μείζων</em></span> <span class='ocrx_word' id='word_1_18' title='bbox 387 402 425 472; x_wconf 72' lang='grc' dir='ltr'><em>δὲ</em></span> <span class='ocrx_word' id='word_1_19' title='bbox 451 402 472 490; x_wconf 84' lang='grc' dir='ltr'><em>ἡ</em></span> <span class='ocrx_word' id='word_1_20' title='bbox 498 405 563 480; x_wconf 73' lang='grc' dir='ltr'><em>ΛΞ</em></span> <span class='ocrx_word' id='word_1_21' title='bbox 586 407 645 490; x_wconf 79' lang='grc' dir='ltr'><em>τῆς</em></span> <span class='ocrx_word' id='word_1_22' title='bbox 667 405 743 480; x_wconf 76' lang='grc' dir='ltr'><em>ΞΟ·</em></span> <span class='ocrx_word' id='word_1_23' title='bbox 775 405 897 490; x_wconf 80' lang='grc' dir='ltr'><em>μείζων</em></span> <span class='ocrx_word' id='word_1_24' title='bbox 923 402 993 490; x_wconf 78' lang='grc' dir='ltr'><em>άρα</em></span> <span class='ocrx_word' id='word_1_25' title='bbox 1021 400 1078 468; x_wconf 83' lang='grc' dir='ltr'><em>καὶ</em></span> <span class='ocrx_word' id='word_1_26' title='bbox 1104 400 1123 487; x_wconf 83' lang='grc' dir='ltr'><em>ἡ</em></span> 
     </span>
     <span class='ocr_line' id='line_1_4' title="bbox 108 504 1123 598; baseline -0.003 -20"><span class='ocrx_word' id='word_1_27' title='bbox 108 517 189 578; x_wconf 92' lang='lat' dir='ltr'><em>AM</em></span> <span class='ocrx_word' id='word_1_28' title='bbox 205 519 264 596; x_wconf 79' lang='grc' dir='ltr'><em>τῆς</em></span> <span class='ocrx_word' id='word_1_29' title='bbox 288 517 364 578; x_wconf 89' lang='grc' dir='ltr'><em>ΟΠ.</em></span> <span class='ocrx_word' id='word_1_30' title='bbox 410 507 494 578; x_wconf 79' lang='grc' dir='ltr'><em>άλλά</em></span> <span class='ocrx_word' id='word_1_31' title='bbox 519 507 540 596; x_wconf 79' lang='grc' dir='ltr'><em>ἡ</em></span> <span class='ocrx_word' id='word_1_32' title='bbox 563 517 646 578; x_wconf 91' lang='lat' dir='ltr'><em>AM</em></span> <span class='ocrx_word' id='word_1_33' title='bbox 663 512 704 598; x_wconf 78' lang='grc' dir='ltr'><em>τῇ</em></span> <span class='ocrx_word' id='word_1_34' title='bbox 727 515 797 577; x_wconf 92' lang='grc' dir='ltr'><em>ΑΓ</em></span> <span class='ocrx_word' id='word_1_35' title='bbox 815 511 907 578; x_wconf 77' lang='grc' dir='ltr'><em>ἐστιν</em></span> <span class='ocrx_word' id='word_1_36' title='bbox 930 515 1005 596; x_wconf 82' lang='grc' dir='ltr'><em>ἴση·</em></span> <span class='ocrx_word' id='word_1_37' title='bbox 1026 504 1123 593; x_wconf 81' lang='grc' dir='ltr'><em>καὶὴ</em></span> 
     </span>
     <span class='ocr_line' id='line_1_5' title="bbox 107 607 1122 705; baseline -0.002 -21"><span class='ocrx_word' id='word_1_38' title='bbox 107 623 176 684; x_wconf 90' lang='grc' dir='ltr'><em>ΑΓ</em></span> <span class='ocrx_word' id='word_1_39' title='bbox 195 618 261 705; x_wconf 81' lang='grc' dir='ltr'><em>ἄρα</em></span> <span class='ocrx_word' id='word_1_40' title='bbox 283 620 342 704; x_wconf 78' lang='grc' dir='ltr'><em>τῆς</em></span> <span class='ocrx_word' id='word_1_41' title='bbox 367 622 434 685; x_wconf 89' lang='grc' dir='ltr'><em>ΟΠ</em></span> <span class='ocrx_word' id='word_1_42' title='bbox 457 619 526 686; x_wconf 82' lang='grc' dir='ltr'><em>ἐστι</em></span> <span class='ocrx_word' id='word_1_43' title='bbox 549 622 678 704; x_wconf 83' lang='grc' dir='ltr'><em>μείζων.</em></span> <span class='ocrx_word' id='word_1_44' title='bbox 716 616 785 684; x_wconf 81' lang='grc' dir='ltr'><em>ἐπεὶ</em></span> <span class='ocrx_word' id='word_1_45' title='bbox 809 607 873 684; x_wconf 84' lang='grc' dir='ltr'><em>οὖν</em></span> <span class='ocrx_word' id='word_1_46' title='bbox 897 614 962 684; x_wconf 80' lang='grc' dir='ltr'><em>δύο</em></span> <span class='ocrx_word' id='word_1_47' title='bbox 987 617 1026 682; x_wconf 91' lang='grc' dir='ltr'><em>αί</em></span> <span class='ocrx_word' id='word_1_48' title='bbox 1046 621 1122 699; x_wconf 89' lang='grc' dir='ltr'><em>ΑΒ,</em></span> 
     </span>
     <span class='ocr_line' id='line_1_6' title="bbox 72 721 1122 810; baseline -0.001 -21"><span class='ocrx_word' id='word_1_49' title='bbox 72 729 173 790; x_wconf 76' lang='grc' dir='ltr'><em>αΒΓ</em></span> <span class='ocrx_word' id='word_1_50' title='bbox 197 722 260 792; x_wconf 81' lang='grc' dir='ltr'><em>δύο</em></span> <span class='ocrx_word' id='word_1_51' title='bbox 288 737 359 804; x_wconf 84' lang='grc' dir='ltr'><em>ταῖς</em></span> <span class='ocrx_word' id='word_1_52' title='bbox 391 725 467 810; x_wconf 73' lang='grc' dir='ltr'><em>ΟΞ,</em></span> <span class='ocrx_word' id='word_1_53' title='bbox 499 725 571 800; x_wconf 73' lang='grc' dir='ltr'><em>ΞΠ</em></span> <span class='ocrx_word' id='word_1_54' title='bbox 596 730 666 791; x_wconf 88' lang='grc' dir='ltr'><em>ἴσαι</em></span> <span class='ocrx_word' id='word_1_55' title='bbox 694 721 781 790; x_wconf 81' lang='grc' dir='ltr'><em>είσίν</em></span> <span class='ocrx_word' id='word_1_56' title='bbox 808 722 947 809; x_wconf 77' lang='grc' dir='ltr'><em>ἑκατέρα</em></span> <span class='ocrx_word' id='word_1_57' title='bbox 977 721 1122 810; x_wconf 79' lang='grc' dir='ltr'><em>ἑκατέρᾳ,</em></span> 
     </span>
     <span class='ocr_line' id='line_1_7' title="bbox 106 827 1121 916; baseline 0 -21"><span class='ocrx_word' id='word_1_58' title='bbox 106 830 162 895; x_wconf 81' lang='grc' dir='ltr'><em>καί</em></span> <span class='ocrx_word' id='word_1_59' title='bbox 185 829 283 915; x_wconf 84' lang='grc' dir='ltr'><em>βάσις</em></span> <span class='ocrx_word' id='word_1_60' title='bbox 305 827 326 916; x_wconf 82' lang='grc' dir='ltr'><em>ἡ</em></span> <span class='ocrx_word' id='word_1_61' title='bbox 345 836 415 898; x_wconf 91' lang='grc' dir='ltr'><em>ΑΓ</em></span> <span class='ocrx_word' id='word_1_62' title='bbox 433 828 563 916; x_wconf 83' lang='grc' dir='ltr'><em>βάσεως</em></span> <span class='ocrx_word' id='word_1_63' title='bbox 583 838 643 916; x_wconf 79' lang='grc' dir='ltr'><em>τῆς</em></span> <span class='ocrx_word' id='word_1_64' title='bbox 663 836 735 897; x_wconf 91' lang='grc' dir='ltr'><em>ΟΠ</em></span> <span class='ocrx_word' id='word_1_65' title='bbox 753 833 874 915; x_wconf 78' lang='grc' dir='ltr'><em>μείζων</em></span> <span class='ocrx_word' id='word_1_66' title='bbox 893 831 996 916; x_wconf 80' lang='grc' dir='ltr'><em>ἐστίν,</em></span> <span class='ocrx_word' id='word_1_67' title='bbox 1020 832 1121 914; x_wconf 84' lang='grc' dir='ltr'><em>γωνία</em></span> 
     </span>
     <span class='ocr_line' id='line_1_8' title="bbox 106 932 1120 1023; baseline -0.001 -22"><span class='ocrx_word' id='word_1_68' title='bbox 106 935 173 1023; x_wconf 79' lang='grc' dir='ltr'><em>ἄρα</em></span> <span class='ocrx_word' id='word_1_69' title='bbox 195 933 216 1022; x_wconf 79' lang='grc' dir='ltr'><em>ἡ</em></span> <span class='ocrx_word' id='word_1_70' title='bbox 240 933 306 1005; x_wconf 85' lang='grc' dir='ltr'><em>ὑπὸ</em></span> <span class='ocrx_word' id='word_1_71' title='bbox 325 941 430 1004; x_wconf 90' lang='grc' dir='ltr'><em>ΑΒΓ</em></span> <span class='ocrx_word' id='word_1_72' title='bbox 447 941 573 1021; x_wconf 84' lang='grc' dir='ltr'><strong><em>γωνίας</em></strong></span> <span class='ocrx_word' id='word_1_73' title='bbox 594 940 653 1022; x_wconf 82' lang='grc' dir='ltr'><em>τῆς</em></span> <span class='ocrx_word' id='word_1_74' title='bbox 674 932 741 1004; x_wconf 82' lang='grc' dir='ltr'><em>ὑπὸ</em></span> <span class='ocrx_word' id='word_1_75' title='bbox 763 936 865 1011; x_wconf 70' lang='grc' dir='ltr'><em>ΟΞΠ</em></span> <span class='ocrx_word' id='word_1_76' title='bbox 884 938 1006 1021; x_wconf 78' lang='grc' dir='ltr'><em>μείζων</em></span> <span class='ocrx_word' id='word_1_77' title='bbox 1026 934 1120 1001; x_wconf 81' lang='grc' dir='ltr'><em>ἐστίν.</em></span> 
     </span>
     <span class='ocr_line' id='line_1_9' title="bbox 107 1037 1123 1132; baseline -0.004 -22"><span class='ocrx_word' id='word_1_78' title='bbox 107 1037 231 1127; x_wconf 84' lang='grc' dir='ltr'><em>ὁμοίως</em></span> <span class='ocrx_word' id='word_1_79' title='bbox 259 1041 302 1128; x_wconf 76' lang='grc' dir='ltr'><em>δὴ</em></span> <span class='ocrx_word' id='word_1_80' title='bbox 330 1037 395 1110; x_wconf 84' lang='grc' dir='ltr'><em>κάν</em></span> <span class='ocrx_word' id='word_1_81' title='bbox 421 1040 483 1129; x_wconf 82' lang='grc' dir='ltr'><em>τὴν</em></span> <span class='ocrx_word' id='word_1_82' title='bbox 507 1046 569 1119; x_wconf 75' lang='grc' dir='ltr'><em>ΞΡ</em></span> <span class='ocrx_word' id='word_1_83' title='bbox 595 1050 673 1130; x_wconf 88' lang='grc' dir='ltr'><em>ἴσην</em></span> <span class='ocrx_word' id='word_1_84' title='bbox 700 1042 838 1132; x_wconf 79' lang='grc' dir='ltr'><em>ἑκατέρᾳ</em></span> <span class='ocrx_word' id='word_1_85' title='bbox 860 1043 929 1109; x_wconf 82' lang='grc' dir='ltr'><em>τάν</em></span> <span class='ocrx_word' id='word_1_86' title='bbox 952 1042 1032 1126; x_wconf 70' lang='grc' dir='ltr'><em>ΞΟ,</em></span> <span class='ocrx_word' id='word_1_87' title='bbox 1060 1041 1123 1116; x_wconf 75' lang='grc' dir='ltr'><em>ΞΠ</em></span> 
     </span>
     <span class='ocr_line' id='line_1_10' title="bbox 107 1144 1119 1236; baseline -0.001 -23"><span class='ocrx_word' id='word_1_88' title='bbox 107 1144 329 1235; x_wconf 75' lang='grc' dir='ltr'><em>ἀπολάβωμεν</em></span> <span class='ocrx_word' id='word_1_89' title='bbox 356 1149 412 1216; x_wconf 80' lang='grc' dir='ltr'><em>καὶ</em></span> <span class='ocrx_word' id='word_1_90' title='bbox 439 1149 657 1236; x_wconf 78' lang='grc' dir='ltr'><em>ἐπιζεύξωμεν</em></span> <span class='ocrx_word' id='word_1_91' title='bbox 683 1147 746 1236; x_wconf 82' lang='grc' dir='ltr'><em>τὴν</em></span> <span class='ocrx_word' id='word_1_92' title='bbox 772 1146 845 1233; x_wconf 87' lang='grc' dir='ltr'><em>ΟΡ,</em></span> <span class='ocrx_word' id='word_1_93' title='bbox 873 1148 1045 1234; x_wconf 79' lang='grc' dir='ltr'><em>δείξομεν,</em></span> <span class='ocrx_word' id='word_1_94' title='bbox 1074 1145 1119 1213; x_wconf 80' lang='grc' dir='ltr'><em>ὅτι</em></span> 
     </span>
     <span class='ocr_line' id='line_1_11' title="bbox 56 1250 1164 1351; baseline -0.001 -31"><span class='ocrx_word' id='word_1_95' title='bbox 56 1273 89 1322; x_wconf 87' lang='lat'><em>10</em></span> <span class='ocrx_word' id='word_1_96' title='bbox 107 1255 163 1320; x_wconf 81' lang='grc' dir='ltr'><em>καὶ</em></span> <span class='ocrx_word' id='word_1_97' title='bbox 190 1251 211 1339; x_wconf 78' lang='grc' dir='ltr'><em>ἡ</em></span> <span class='ocrx_word' id='word_1_98' title='bbox 240 1250 306 1321; x_wconf 84' lang='grc' dir='ltr'><em>ὑπὸ</em></span> <span class='ocrx_word' id='word_1_99' title='bbox 325 1260 433 1322; x_wconf 84' lang='grc' dir='ltr'><em>ΗΘΚ</em></span> <span class='ocrx_word' id='word_1_100' title='bbox 459 1258 566 1341; x_wconf 80' lang='grc' dir='ltr'><em>γωνία</em></span> <span class='ocrx_word' id='word_1_101' title='bbox 592 1256 651 1341; x_wconf 77' lang='grc' dir='ltr'><em>τῆς</em></span> <span class='ocrx_word' id='word_1_102' title='bbox 672 1250 739 1322; x_wconf 79' lang='grc' dir='ltr'><em>ὑπὸ</em></span> <span class='ocrx_word' id='word_1_103' title='bbox 764 1255 861 1330; x_wconf 75' lang='grc' dir='ltr'><em>ΟΞΡ</em></span> <span class='ocrx_word' id='word_1_104' title='bbox 878 1258 1000 1340; x_wconf 75' lang='grc' dir='ltr'><em>μείζων</em></span> <span class='ocrx_word' id='word_1_105' title='bbox 1026 1252 1116 1320; x_wconf 79' lang='grc' dir='ltr'><em>ἐστίν.</em></span> <span class='ocrx_word' id='word_1_106' title='bbox 1162 1344 1164 1351; x_wconf 28' lang='grc' dir='ltr'>Ι</span> 
     </span>
     <span class='ocr_line' id='line_1_12' title="bbox 107 1354 1164 1450; baseline -0.001 -24"><span class='ocrx_word' id='word_1_107' title='bbox 107 1359 297 1428; x_wconf 83' lang='grc' dir='ltr'><em>συνεστάτω</em></span> <span class='ocrx_word' id='word_1_108' title='bbox 322 1359 364 1447; x_wconf 77' lang='grc' dir='ltr'><em>δὴ</em></span> <span class='ocrx_word' id='word_1_109' title='bbox 388 1359 472 1448; x_wconf 79' lang='grc' dir='ltr'><em>πρὸς</em></span> <span class='ocrx_word' id='word_1_110' title='bbox 493 1364 534 1448; x_wconf 74' lang='grc' dir='ltr'><em>τῇ</em></span> <span class='ocrx_word' id='word_1_111' title='bbox 558 1366 589 1428; x_wconf 95' lang='lat' dir='ltr'><em>A</em></span> <span class='ocrx_word' id='word_1_112' title='bbox 594 1362 625 1437; x_wconf 76' lang='grc' dir='ltr'><strong><em>Ξ</em></strong></span> <span class='ocrx_word' id='word_1_113' title='bbox 645 1357 763 1449; x_wconf 79' lang='grc' dir='ltr'><em>εὐθείᾳ</em></span> <span class='ocrx_word' id='word_1_114' title='bbox 785 1359 841 1426; x_wconf 82' lang='grc' dir='ltr'><em>καί</em></span> <span class='ocrx_word' id='word_1_115' title='bbox 863 1360 909 1450; x_wconf 76' lang='grc' dir='ltr'><em>τῷ</em></span> <span class='ocrx_word' id='word_1_116' title='bbox 932 1356 1019 1444; x_wconf 81' lang='grc' dir='ltr'><em>πρὸς</em></span> <span class='ocrx_word' id='word_1_117' title='bbox 1041 1354 1116 1445; x_wconf 77' lang='grc' dir='ltr'><em>αὐτῇ</em></span> <span class='ocrx_word' id='word_1_118' title='bbox 1162 1360 1164 1403; x_wconf 69' lang='grc' dir='ltr'><strong>ῑ</strong></span> 
     </span>
     <span class='ocr_line' id='line_1_13' title="bbox 106 1461 1116 1559; baseline -0.002 -26"><span class='ocrx_word' id='word_1_119' title='bbox 106 1471 232 1559; x_wconf 76' lang='grc' dir='ltr'><em>σημείῳ</em></span> <span class='ocrx_word' id='word_1_120' title='bbox 263 1470 310 1556; x_wconf 77' lang='grc' dir='ltr'><em>τῷ</em></span> <span class='ocrx_word' id='word_1_121' title='bbox 338 1469 369 1544; x_wconf 70' lang='grc' dir='ltr'><em>Ξ</em></span> <span class='ocrx_word' id='word_1_122' title='bbox 397 1469 437 1556; x_wconf 75' lang='grc' dir='ltr'><em>τῇ</em></span> <span class='ocrx_word' id='word_1_123' title='bbox 469 1467 531 1554; x_wconf 74' lang='grc' dir='ltr'><em>μὲν</em></span> <span class='ocrx_word' id='word_1_124' title='bbox 563 1465 629 1536; x_wconf 86' lang='grc' dir='ltr'><em>ὑπὸ</em></span> <span class='ocrx_word' id='word_1_125' title='bbox 658 1472 764 1535; x_wconf 88' lang='grc' dir='ltr'><em>ΑΒΓ</em></span> <span class='ocrx_word' id='word_1_126' title='bbox 786 1472 895 1556; x_wconf 78' lang='grc' dir='ltr'><em>γωνία</em></span> <span class='ocrx_word' id='word_1_127' title='bbox 921 1473 978 1552; x_wconf 87' lang='grc' dir='ltr'><em>ἴση</em></span> <span class='ocrx_word' id='word_1_128' title='bbox 1010 1462 1033 1552; x_wconf 78' lang='grc' dir='ltr'><em>ἡ</em></span> <span class='ocrx_word' id='word_1_129' title='bbox 1059 1461 1116 1532; x_wconf 82' lang='grc' dir='ltr'><em>ὑπὸ</em></span> 
     </span>
     <span class='ocr_line' id='line_1_14' title="bbox 107 1569 1115 1662; baseline -0.002 -23"><span class='ocrx_word' id='word_1_130' title='bbox 107 1574 221 1660; x_wconf 73' lang='grc' dir='ltr'><em>ΑΞΣ,</em></span> <span class='ocrx_word' id='word_1_131' title='bbox 243 1577 283 1662; x_wconf 77' lang='grc' dir='ltr'><em>τῇ</em></span> <span class='ocrx_word' id='word_1_132' title='bbox 307 1572 345 1642; x_wconf 68' lang='grc' dir='ltr'><em>δὲ</em></span> <span class='ocrx_word' id='word_1_133' title='bbox 367 1570 433 1642; x_wconf 83' lang='grc' dir='ltr'><em>ὑπὸ</em></span> <span class='ocrx_word' id='word_1_134' title='bbox 452 1581 563 1642; x_wconf 84' lang='grc' dir='ltr'><em>ΗΘΚ</em></span> <span class='ocrx_word' id='word_1_135' title='bbox 584 1582 639 1659; x_wconf 80' lang='grc' dir='ltr'><em>ἴση</em></span> <span class='ocrx_word' id='word_1_136' title='bbox 662 1569 768 1659; x_wconf 79' lang='grc' dir='ltr'><em>ἡὺπὸ</em></span> <span class='ocrx_word' id='word_1_137' title='bbox 787 1574 899 1658; x_wconf 71' lang='grc' dir='ltr'><em>ΛΞΓ,</em></span> <span class='ocrx_word' id='word_1_138' title='bbox 922 1571 979 1639; x_wconf 83' lang='grc' dir='ltr'><em>καὶ</em></span> <span class='ocrx_word' id='word_1_139' title='bbox 997 1575 1115 1638; x_wconf 78' lang='grc' dir='ltr'><em>κείσθω</em></span> 
     </span>
     <span class='ocr_line' id='line_1_15' title="bbox 107 1675 1116 1769; baseline -0.002 -23"><span class='ocrx_word' id='word_1_140' title='bbox 107 1679 243 1764; x_wconf 79' lang='grc' dir='ltr'><em>ἑκατέρα</em></span> <span class='ocrx_word' id='word_1_141' title='bbox 265 1683 333 1749; x_wconf 77' lang='grc' dir='ltr'><em>τῶν</em></span> <span class='ocrx_word' id='word_1_142' title='bbox 356 1682 435 1767; x_wconf 76' lang='grc' dir='ltr'><em>ΞΣ,</em></span> <span class='ocrx_word' id='word_1_143' title='bbox 458 1683 526 1758; x_wconf 75' lang='grc' dir='ltr'><em>ΞΤ</em></span> <span class='ocrx_word' id='word_1_144' title='bbox 542 1684 581 1769; x_wconf 74' lang='grc' dir='ltr'><em>τῇ</em></span> <span class='ocrx_word' id='word_1_145' title='bbox 607 1681 670 1756; x_wconf 75' lang='grc' dir='ltr'><em>ΟΞ</em></span> <span class='ocrx_word' id='word_1_146' title='bbox 690 1687 765 1765; x_wconf 88' lang='grc' dir='ltr'><em>ἴση,</em></span> <span class='ocrx_word' id='word_1_147' title='bbox 791 1679 848 1747; x_wconf 81' lang='grc' dir='ltr'><em>καί</em></span> <span class='ocrx_word' id='word_1_148' title='bbox 870 1675 1116 1765; x_wconf 76' lang='grc' dir='ltr'><em>ἐπεζεύχθωσαν</em></span> 
     </span>
     <span class='ocr_line' id='line_1_16' title="bbox 55 1783 1164 1879; baseline 0 -28"><span class='ocrx_word' id='word_1_149' title='bbox 55 1788 144 1852; x_wconf 80' lang='grc' dir='ltr'><em>15αί</em></span> <span class='ocrx_word' id='word_1_150' title='bbox 172 1792 254 1872; x_wconf 91' lang='grc' dir='ltr'><em>ΟΣ,</em></span> <span class='ocrx_word' id='word_1_151' title='bbox 289 1793 366 1872; x_wconf 88' lang='lat' dir='ltr'><em>OT,</em></span> <span class='ocrx_word' id='word_1_152' title='bbox 394 1792 469 1854; x_wconf 87' lang='grc' dir='ltr'><em>ΣΤ.</em></span> <span class='ocrx_word' id='word_1_153' title='bbox 518 1787 576 1854; x_wconf 81' lang='grc' dir='ltr'><em>καί</em></span> <span class='ocrx_word' id='word_1_154' title='bbox 603 1787 672 1856; x_wconf 84' lang='grc' dir='ltr'><em>ἐπεί</em></span> <span class='ocrx_word' id='word_1_155' title='bbox 701 1785 764 1854; x_wconf 80' lang='grc' dir='ltr'><em>δύο</em></span> <span class='ocrx_word' id='word_1_156' title='bbox 793 1788 831 1853; x_wconf 76' lang='lat' dir='ltr'><em>ac</em></span> <span class='ocrx_word' id='word_1_157' title='bbox 855 1791 937 1870; x_wconf 89' lang='grc' dir='ltr'><em>ΑΒ,</em></span> <span class='ocrx_word' id='word_1_158' title='bbox 968 1790 1039 1852; x_wconf 88' lang='grc' dir='ltr'><em>ΒΓ</em></span> <span class='ocrx_word' id='word_1_159' title='bbox 1061 1783 1115 1852; x_wconf 76' lang='grc' dir='ltr'><em>δύο</em></span> <span class='ocrx_word' id='word_1_160' title='bbox 1162 1824 1164 1879; x_wconf 68' lang='lat'>3</span> 
     </span>
     <span class='ocr_line' id='line_1_17' title="bbox 105 1887 1164 1980; baseline -0.002 -20"><span class='ocrx_word' id='word_1_161' title='bbox 105 1906 177 1973; x_wconf 83' lang='grc' dir='ltr'><em>ταῖς</em></span> <span class='ocrx_word' id='word_1_162' title='bbox 201 1894 274 1980; x_wconf 77' lang='grc' dir='ltr'><em>ΟΞ,</em></span> <span class='ocrx_word' id='word_1_163' title='bbox 297 1895 365 1970; x_wconf 76' lang='grc' dir='ltr'><em>ΞΣ</em></span> <span class='ocrx_word' id='word_1_164' title='bbox 385 1901 455 1961; x_wconf 85' lang='grc' dir='ltr'><em>ἴσαι</em></span> <span class='ocrx_word' id='word_1_165' title='bbox 478 1896 576 1978; x_wconf 79' lang='grc' dir='ltr'><em>εἰσίν,</em></span> <span class='ocrx_word' id='word_1_166' title='bbox 598 1893 655 1960; x_wconf 81' lang='grc' dir='ltr'><em>καὶ</em></span> <span class='ocrx_word' id='word_1_167' title='bbox 677 1896 783 1979; x_wconf 84' lang='grc' dir='ltr'><em>γωνία</em></span> <span class='ocrx_word' id='word_1_168' title='bbox 806 1889 827 1978; x_wconf 81' lang='grc' dir='ltr'>ἡ</span> <span class='ocrx_word' id='word_1_169' title='bbox 850 1887 916 1959; x_wconf 84' lang='grc' dir='ltr'><em>ὑπὸ</em></span> <span class='ocrx_word' id='word_1_170' title='bbox 936 1896 1044 1960; x_wconf 91' lang='grc' dir='ltr'><em>ΑΒΓ</em></span> <span class='ocrx_word' id='word_1_171' title='bbox 1061 1916 1116 1977; x_wconf 92' lang='grc' dir='ltr'><em>γω-</em></span> <span class='ocrx_word' id='word_1_172' title='bbox 1162 1896 1164 1951; x_wconf 75' lang='grc' dir='ltr'>ἐ</span> 
     </span>
     <span class='ocr_line' id='line_1_18' title="bbox 106 1993 1164 2090; baseline -0.009 -22"><span class='ocrx_word' id='word_1_173' title='bbox 106 2006 164 2090; x_wconf 82' lang='grc' dir='ltr'><em>νίᾳ</em></span> <span class='ocrx_word' id='word_1_174' title='bbox 185 2003 225 2089; x_wconf 79' lang='grc' dir='ltr'><em>τῇ</em></span> <span class='ocrx_word' id='word_1_175' title='bbox 248 1997 314 2068; x_wconf 81' lang='grc' dir='ltr'><em>ὑπὸ</em></span> <span class='ocrx_word' id='word_1_176' title='bbox 340 2002 440 2075; x_wconf 72' lang='grc' dir='ltr'><em>ΟΞΣ</em></span> <span class='ocrx_word' id='word_1_177' title='bbox 461 2007 532 2085; x_wconf 87' lang='grc' dir='ltr'><em>ἴση,</em></span> <span class='ocrx_word' id='word_1_178' title='bbox 555 1999 653 2084; x_wconf 78' lang='grc' dir='ltr'><em>βάσις</em></span> <span class='ocrx_word' id='word_1_179' title='bbox 675 1999 742 2086; x_wconf 79' lang='grc' dir='ltr'><em>άμα</em></span> <span class='ocrx_word' id='word_1_180' title='bbox 765 1994 786 2085; x_wconf 80' lang='grc' dir='ltr'><strong><em>ἡ</em></strong></span> <span class='ocrx_word' id='word_1_181' title='bbox 811 2006 882 2082; x_wconf 90' lang='grc' dir='ltr'><em>ΑΓ,</em></span> <span class='ocrx_word' id='word_1_182' title='bbox 904 1993 1116 2082; x_wconf 79' lang='grc' dir='ltr'><em>τοντέστινὴ</em></span> <span class='ocrx_word' id='word_1_183' title='bbox 1161 2052 1164 2059; x_wconf 96' lang='grc'>.</span> 
     </span>
     <span class='ocr_line' id='line_1_19' title="bbox 106 2099 1118 2194; baseline -0.005 -20"><span class='ocrx_word' id='word_1_184' title='bbox 106 2114 197 2192; x_wconf 90' lang='grc' dir='ltr'><em>ΑΜ,</em></span> <span class='ocrx_word' id='word_1_185' title='bbox 224 2105 322 2192; x_wconf 82' lang='grc' dir='ltr'><em>βάσει</em></span> <span class='ocrx_word' id='word_1_186' title='bbox 348 2110 388 2194; x_wconf 81' lang='grc' dir='ltr'><em>τῇ</em></span> <span class='ocrx_word' id='word_1_187' title='bbox 414 2112 482 2173; x_wconf 86' lang='grc' dir='ltr'><em>ΟΣ</em></span> <span class='ocrx_word' id='word_1_188' title='bbox 507 2107 597 2173; x_wconf 81' lang='grc' dir='ltr'><em>ἐστιν</em></span> <span class='ocrx_word' id='word_1_189' title='bbox 628 2114 693 2191; x_wconf 84' lang='grc' dir='ltr'><em>ἴση.</em></span> <span class='ocrx_word' id='word_1_190' title='bbox 739 2101 795 2172; x_wconf 77' lang='grc' dir='ltr'><em>διά</em></span> <span class='ocrx_word' id='word_1_191' title='bbox 822 2102 863 2172; x_wconf 87' lang='grc' dir='ltr'><em>τά</em></span> <span class='ocrx_word' id='word_1_192' title='bbox 890 2099 977 2172; x_wconf 78' lang='grc' dir='ltr'><em>αὐτὰ</em></span> <span class='ocrx_word' id='word_1_193' title='bbox 1002 2103 1044 2190; x_wconf 80' lang='grc' dir='ltr'><em>δὴ</em></span> <span class='ocrx_word' id='word_1_194' title='bbox 1067 2103 1118 2171; x_wconf 79' lang='grc' dir='ltr'><em>καί</em></span> 
     </span>
     <span class='ocr_line' id='line_1_20' title="bbox 105 2209 1122 2301; baseline 0.001 -23"><span class='ocrx_word' id='word_1_195' title='bbox 105 2209 221 2297; x_wconf 79' lang='grc' dir='ltr'><em>ἡΛΝ</em></span> <span class='ocrx_word' id='word_1_196' title='bbox 239 2217 279 2301; x_wconf 75' lang='grc' dir='ltr'><em>τη</em></span> <span class='ocrx_word' id='word_1_197' title='bbox 307 2218 375 2281; x_wconf 86' lang='lat' dir='ltr'><em>OT</em></span> <span class='ocrx_word' id='word_1_198' title='bbox 393 2220 448 2298; x_wconf 87' lang='grc' dir='ltr'><em>ἴση</em></span> <span class='ocrx_word' id='word_1_199' title='bbox 473 2214 573 2280; x_wconf 80' lang='grc' dir='ltr'><em>ἐστίν.</em></span> <span class='ocrx_word' id='word_1_200' title='bbox 617 2213 674 2279; x_wconf 80' lang='grc' dir='ltr'><em>καί</em></span> <span class='ocrx_word' id='word_1_201' title='bbox 698 2210 767 2280; x_wconf 80' lang='grc' dir='ltr'><em>ἐπεὶ</em></span> <span class='ocrx_word' id='word_1_202' title='bbox 791 2210 854 2279; x_wconf 79' lang='grc' dir='ltr'><em>δύο</em></span> <span class='ocrx_word' id='word_1_203' title='bbox 878 2213 915 2278; x_wconf 84' lang='grc' dir='ltr'><em>αί</em></span> <span class='ocrx_word' id='word_1_204' title='bbox 935 2216 1029 2295; x_wconf 91' lang='grc' dir='ltr'><em>ΜΛ,</em></span> <span class='ocrx_word' id='word_1_205' title='bbox 1053 2216 1122 2279; x_wconf 90' lang='lat' dir='ltr'><em>AN</em></span> 
     </span>
     <span class='ocr_line' id='line_1_21' title="bbox 54 2313 1122 2405; baseline 0.003 -22"><span class='ocrx_word' id='word_1_206' title='bbox 54 2334 88 2384; x_wconf 81' lang='lat'><em>20</em></span> <span class='ocrx_word' id='word_1_207' title='bbox 108 2316 171 2385; x_wconf 78' lang='grc' dir='ltr'><em>ὃάα</em></span> <span class='ocrx_word' id='word_1_208' title='bbox 194 2331 266 2398; x_wconf 79' lang='grc' dir='ltr'><em>ταῖς</em></span> <span class='ocrx_word' id='word_1_209' title='bbox 284 2324 366 2403; x_wconf 86' lang='grc' dir='ltr'><em>ΣΟ,</em></span> <span class='ocrx_word' id='word_1_210' title='bbox 387 2324 455 2385; x_wconf 86' lang='lat' dir='ltr'><em>OT</em></span> <span class='ocrx_word' id='word_1_211' title='bbox 473 2326 543 2386; x_wconf 86' lang='grc' dir='ltr'><em>ίσαι</em></span> <span class='ocrx_word' id='word_1_212' title='bbox 563 2322 659 2405; x_wconf 85' lang='grc' dir='ltr'><em>είσίν,</em></span> <span class='ocrx_word' id='word_1_213' title='bbox 681 2317 737 2384; x_wconf 80' lang='grc' dir='ltr'><em>καὶ</em></span> <span class='ocrx_word' id='word_1_214' title='bbox 759 2322 867 2403; x_wconf 90' lang='grc' dir='ltr'><em>γωνία</em></span> <span class='ocrx_word' id='word_1_215' title='bbox 885 2313 906 2403; x_wconf 81' lang='grc' dir='ltr'><em>ἡ</em></span> <span class='ocrx_word' id='word_1_216' title='bbox 925 2315 992 2385; x_wconf 83' lang='grc' dir='ltr'><em>ὑπὸ</em></span> <span class='ocrx_word' id='word_1_217' title='bbox 1012 2323 1122 2387; x_wconf 90' lang='lat' dir='ltr'><em>MAN</em></span> 
     </span>
     <span class='ocr_line' id='line_1_22' title="bbox 104 2420 1119 2511; baseline 0.001 -20"><span class='ocrx_word' id='word_1_218' title='bbox 104 2428 230 2509; x_wconf 80' lang='grc' dir='ltr'><em>γωνίας</em></span> <span class='ocrx_word' id='word_1_219' title='bbox 251 2428 310 2510; x_wconf 78' lang='grc' dir='ltr'><em>τῆς</em></span> <span class='ocrx_word' id='word_1_220' title='bbox 331 2422 398 2492; x_wconf 84' lang='grc' dir='ltr'><em>ὑπὸ</em></span> <span class='ocrx_word' id='word_1_221' title='bbox 417 2431 523 2492; x_wconf 86' lang='grc' dir='ltr'><em>ΣΟΤ</em></span> <span class='ocrx_word' id='word_1_222' title='bbox 541 2429 661 2510; x_wconf 79' lang='grc' dir='ltr'><em>μείζων</em></span> <span class='ocrx_word' id='word_1_223' title='bbox 680 2426 782 2509; x_wconf 83' lang='grc' dir='ltr'><em>ἐστίν,</em></span> <span class='ocrx_word' id='word_1_224' title='bbox 805 2422 903 2509; x_wconf 81' lang='grc' dir='ltr'><em>βάσις</em></span> <span class='ocrx_word' id='word_1_225' title='bbox 921 2421 988 2511; x_wconf 79' lang='grc' dir='ltr'><em>άρα</em></span> <span class='ocrx_word' id='word_1_226' title='bbox 1008 2420 1029 2511; x_wconf 82' lang='grc' dir='ltr'><em>ἡ</em></span> <span class='ocrx_word' id='word_1_227' title='bbox 1049 2429 1119 2492; x_wconf 88' lang='grc' dir='ltr'><em>ΜΝ</em></span> 
     </span>
     <span class='ocr_line' id='line_1_23' title="bbox 105 2527 1120 2619; baseline 0.001 -23"><span class='ocrx_word' id='word_1_228' title='bbox 105 2528 232 2615; x_wconf 83' lang='grc' dir='ltr'><em>βάσεως</em></span> <span class='ocrx_word' id='word_1_229' title='bbox 254 2534 312 2617; x_wconf 78' lang='grc' dir='ltr'><em>τῆς</em></span> <span class='ocrx_word' id='word_1_230' title='bbox 334 2536 407 2598; x_wconf 89' lang='grc' dir='ltr'><em>ΣΤ</em></span> <span class='ocrx_word' id='word_1_231' title='bbox 428 2536 549 2617; x_wconf 82' lang='grc' dir='ltr'><em>μείζων</em></span> <span class='ocrx_word' id='word_1_232' title='bbox 576 2533 675 2598; x_wconf 83' lang='grc' dir='ltr'><em>ἐστίν.</em></span> <span class='ocrx_word' id='word_1_233' title='bbox 724 2527 809 2597; x_wconf 78' lang='grc' dir='ltr'><em>ἄλλά</em></span> <span class='ocrx_word' id='word_1_234' title='bbox 834 2527 856 2617; x_wconf 82' lang='grc' dir='ltr'><em>ἡ</em></span> <span class='ocrx_word' id='word_1_235' title='bbox 879 2535 962 2598; x_wconf 90' lang='grc' dir='ltr'><em>ΜΝ</em></span> <span class='ocrx_word' id='word_1_236' title='bbox 990 2534 1031 2619; x_wconf 70' lang='grc' dir='ltr'><em>τῇ</em></span> <span class='ocrx_word' id='word_1_237' title='bbox 1057 2536 1120 2598; x_wconf 89' lang='grc' dir='ltr'><em>ΔΖ</em></span> 
     </span>
     <span class='ocr_line' id='line_1_24' title="bbox 105 2633 1120 2724; baseline -0.003 -20"><span class='ocrx_word' id='word_1_238' title='bbox 105 2637 195 2704; x_wconf 81' lang='grc' dir='ltr'><em>ἐστιν</em></span> <span class='ocrx_word' id='word_1_239' title='bbox 219 2644 289 2722; x_wconf 85' lang='grc' dir='ltr'><em>ἴση·</em></span> <span class='ocrx_word' id='word_1_240' title='bbox 311 2637 368 2704; x_wconf 81' lang='grc' dir='ltr'><em>καί</em></span> <span class='ocrx_word' id='word_1_241' title='bbox 391 2634 500 2723; x_wconf 81' lang='grc' dir='ltr'><em>ἡΔΖ</em></span> <span class='ocrx_word' id='word_1_242' title='bbox 523 2633 589 2724; x_wconf 79' lang='grc' dir='ltr'><em>ἄρα</em></span> <span class='ocrx_word' id='word_1_243' title='bbox 611 2640 670 2722; x_wconf 80' lang='grc' dir='ltr'><em>τῆς</em></span> <span class='ocrx_word' id='word_1_244' title='bbox 689 2641 760 2705; x_wconf 88' lang='grc' dir='ltr'><em>ΣΤ</em></span> <span class='ocrx_word' id='word_1_245' title='bbox 777 2641 897 2723; x_wconf 80' lang='grc' dir='ltr'><em>μείζων</em></span> <span class='ocrx_word' id='word_1_246' title='bbox 918 2639 1019 2705; x_wconf 78' lang='grc' dir='ltr'><em>ἐστίν.</em></span> <span class='ocrx_word' id='word_1_247' title='bbox 1053 2636 1120 2706; x_wconf 77' lang='grc' dir='ltr'><em>ἐπεὶ</em></span> 
     </span>
     <span class='ocr_line' id='line_1_25' title="bbox 106 2734 1119 2828; baseline 0.002 -20"><span class='ocrx_word' id='word_1_248' title='bbox 106 2734 168 2810; x_wconf 86' lang='grc' dir='ltr'><em>οὗν</em></span> <span class='ocrx_word' id='word_1_249' title='bbox 196 2742 259 2811; x_wconf 80' lang='grc' dir='ltr'><em>δύο</em></span> <span class='ocrx_word' id='word_1_250' title='bbox 288 2744 326 2810; x_wconf 85' lang='grc' dir='ltr'><em>αἴ</em></span> <span class='ocrx_word' id='word_1_251' title='bbox 351 2750 435 2828; x_wconf 86' lang='grc' dir='ltr'><em>ΔΕ,</em></span> <span class='ocrx_word' id='word_1_252' title='bbox 463 2750 525 2811; x_wconf 88' lang='grc' dir='ltr'><em>ΕΖ</em></span> <span class='ocrx_word' id='word_1_253' title='bbox 549 2742 612 2811; x_wconf 76' lang='grc' dir='ltr'><em>δύο</em></span> <span class='ocrx_word' id='word_1_254' title='bbox 634 2755 707 2823; x_wconf 81' lang='grc' dir='ltr'><em>ταῖς</em></span> <span class='ocrx_word' id='word_1_255' title='bbox 729 2744 808 2828; x_wconf 76' lang='grc' dir='ltr'><em>ΣΞ,</em></span> <span class='ocrx_word' id='word_1_256' title='bbox 836 2745 903 2819; x_wconf 77' lang='grc' dir='ltr'><em>ΞΤ</em></span> <span class='ocrx_word' id='word_1_257' title='bbox 927 2750 999 2810; x_wconf 87' lang='grc' dir='ltr'><em>ἴσαι</em></span> <span class='ocrx_word' id='word_1_258' title='bbox 1022 2746 1119 2828; x_wconf 81' lang='grc' dir='ltr'><em>εἰσίν,</em></span> 
     </span>
     <span class='ocr_line' id='line_1_26' title="bbox 52 2846 1120 2936; baseline 0.001 -22"><span class='ocrx_word' id='word_1_259' title='bbox 52 2865 85 2915; x_wconf 81' lang='lat'><em>25</em></span> <span class='ocrx_word' id='word_1_260' title='bbox 104 2848 159 2915; x_wconf 82' lang='grc' dir='ltr'><em>καὶ</em></span> <span class='ocrx_word' id='word_1_261' title='bbox 186 2847 283 2934; x_wconf 82' lang='grc' dir='ltr'><em>βάσις</em></span> <span class='ocrx_word' id='word_1_262' title='bbox 310 2846 331 2935; x_wconf 81' lang='grc' dir='ltr'>ἡ</span> <span class='ocrx_word' id='word_1_263' title='bbox 355 2856 421 2916; x_wconf 90' lang='grc' dir='ltr'><em>ΔΖ</em></span> <span class='ocrx_word' id='word_1_264' title='bbox 444 2847 573 2934; x_wconf 81' lang='grc' dir='ltr'><em>βάσεως</em></span> <span class='ocrx_word' id='word_1_265' title='bbox 594 2852 652 2936; x_wconf 81' lang='grc' dir='ltr'><em>τῆς</em></span> <span class='ocrx_word' id='word_1_266' title='bbox 671 2855 742 2917; x_wconf 87' lang='grc' dir='ltr'><em>ΣΤ</em></span> <span class='ocrx_word' id='word_1_267' title='bbox 760 2854 895 2936; x_wconf 81' lang='grc' dir='ltr'><em>μείζων,</em></span> <span class='ocrx_word' id='word_1_268' title='bbox 923 2853 1033 2934; x_wconf 90' lang='grc' dir='ltr'><em>γωνία</em></span> <span class='ocrx_word' id='word_1_269' title='bbox 1057 2847 1120 2936; x_wconf 79' lang='grc' dir='ltr'><em>άρα</em></span> 
     </span>
     <span class='ocr_line' id='line_1_27' title="bbox 104 2951 1118 3043; baseline 0.003 -22"><span class='ocrx_word' id='word_1_270' title='bbox 104 2951 124 3039; x_wconf 80' lang='grc' dir='ltr'><em>ἡ</em></span> <span class='ocrx_word' id='word_1_271' title='bbox 149 2953 215 3022; x_wconf 87' lang='grc' dir='ltr'><em>ὑπὸ</em></span> <span class='ocrx_word' id='word_1_272' title='bbox 236 2962 336 3022; x_wconf 85' lang='grc' dir='ltr'><em>ΑΕΖ</em></span> <span class='ocrx_word' id='word_1_273' title='bbox 359 2960 484 3041; x_wconf 84' lang='grc' dir='ltr'><em>γωνίας</em></span> <span class='ocrx_word' id='word_1_274' title='bbox 505 2965 564 3043; x_wconf 79' lang='grc' dir='ltr'><em>τῆς</em></span> <span class='ocrx_word' id='word_1_275' title='bbox 585 2952 652 3025; x_wconf 83' lang='grc' dir='ltr'><em>ὑπὸ</em></span> <span class='ocrx_word' id='word_1_276' title='bbox 672 2957 776 3033; x_wconf 76' lang='grc' dir='ltr'><em>ΣΞΤ</em></span> <span class='ocrx_word' id='word_1_277' title='bbox 790 2961 909 3042; x_wconf 80' lang='grc' dir='ltr'><em>μείζων</em></span> <span class='ocrx_word' id='word_1_278' title='bbox 928 2957 1030 3024; x_wconf 80' lang='grc' dir='ltr'><em>ἐστίν.</em></span> <span class='ocrx_word' id='word_1_279' title='bbox 1066 2963 1118 3042; x_wconf 87' lang='grc' dir='ltr'><em>ἴση</em></span> 
     </span>
     <span class='ocr_line' id='line_1_28' title="bbox 105 3058 1118 3149; baseline 0.001 -20"><span class='ocrx_word' id='word_1_280' title='bbox 105 3061 142 3129; x_wconf 64' lang='grc' dir='ltr'><em>δὲ</em></span> <span class='ocrx_word' id='word_1_281' title='bbox 169 3059 190 3147; x_wconf 82' lang='grc' dir='ltr'><em>ἡ</em></span> <span class='ocrx_word' id='word_1_282' title='bbox 218 3058 284 3130; x_wconf 84' lang='grc' dir='ltr'><em>ὑπὸ</em></span> <span class='ocrx_word' id='word_1_283' title='bbox 307 3063 412 3137; x_wconf 73' lang='grc' dir='ltr'><em>ΣΞΤ</em></span> <span class='ocrx_word' id='word_1_284' title='bbox 432 3074 504 3142; x_wconf 82' lang='grc' dir='ltr'><em>ταῖς</em></span> <span class='ocrx_word' id='word_1_285' title='bbox 526 3059 591 3130; x_wconf 85' lang='grc' dir='ltr'><em>ὑπὸ</em></span> <span class='ocrx_word' id='word_1_286' title='bbox 616 3067 730 3148; x_wconf 90' lang='grc' dir='ltr'><em>ΑΒΓ,</em></span> <span class='ocrx_word' id='word_1_287' title='bbox 762 3068 872 3129; x_wconf 82' lang='grc' dir='ltr'><strong>ΗΘΚ.</strong></span> <span class='ocrx_word' id='word_1_288' title='bbox 919 3059 1032 3149; x_wconf 79' lang='grc' dir='ltr'><em>ἡάρα</em></span> <span class='ocrx_word' id='word_1_289' title='bbox 1055 3059 1118 3130; x_wconf 84' lang='grc' dir='ltr'><em>ὑπὸ</em></span> 
     </span>
     <span class='ocr_line' id='line_1_29' title="bbox 105 3164 1118 3256; baseline 0.002 -22"><span class='ocrx_word' id='word_1_290' title='bbox 105 3175 207 3235; x_wconf 85' lang='grc' dir='ltr'><em>ΔΕΖ</em></span> <span class='ocrx_word' id='word_1_291' title='bbox 229 3170 298 3236; x_wconf 70' lang='grc' dir='ltr'><em>ταῖν</em></span> <span class='ocrx_word' id='word_1_292' title='bbox 320 3165 386 3236; x_wconf 82' lang='grc' dir='ltr'><em>ὑπὸ</em></span> <span class='ocrx_word' id='word_1_293' title='bbox 409 3173 518 3254; x_wconf 88' lang='grc' dir='ltr'><em>ΑΒΓ,</em></span> <span class='ocrx_word' id='word_1_294' title='bbox 543 3176 650 3237; x_wconf 80' lang='grc' dir='ltr'><em>ΗΘΚ</em></span> <span class='ocrx_word' id='word_1_295' title='bbox 671 3173 791 3256; x_wconf 79' lang='grc' dir='ltr'><em>μείζων</em></span> <span class='ocrx_word' id='word_1_296' title='bbox 814 3170 914 3237; x_wconf 75' lang='grc' dir='ltr'><em>ἐστίν.</em></span> <span class='ocrx_word' id='word_1_297' title='bbox 955 3164 1043 3238; x_wconf 76' lang='grc' dir='ltr'><em>ἀλλὰ</em></span> <span class='ocrx_word' id='word_1_298' title='bbox 1067 3168 1118 3237; x_wconf 76' lang='grc' dir='ltr'><em>καί</em></span> 
     </span>
    </p>
   </div>
   <div class='ocr_carea' id='block_1_3' title="bbox 105 3273 570 3362">
    <p class='ocr_par' dir='ltr' id='par_1_3' title="bbox 105 3273 570 3362">
     <span class='ocr_line' id='line_1_30' title="bbox 105 3273 570 3362; baseline 0 -20"><span class='ocrx_word' id='word_1_299' title='bbox 105 3274 263 3342; x_wconf 82' lang='grc' dir='ltr'><em>ἐλάττων·</em></span> <span class='ocrx_word' id='word_1_300' title='bbox 287 3275 367 3362; x_wconf 82' lang='grc' dir='ltr'><em>ὅπερ</em></span> <span class='ocrx_word' id='word_1_301' title='bbox 391 3273 570 3344; x_wconf 79' lang='grc' dir='ltr'><em>άθύνατον.</em></span> 
     </span>
    </p>
   </div>
   <div class='ocr_carea' id='block_1_4' title="bbox 91 3414 1105 3565">
    <p class='ocr_par' dir='ltr' id='par_1_4' title="bbox 91 3414 1105 3565">
     <span class='ocr_line' id='line_1_31' title="bbox 174 3414 1105 3491; baseline 0.001 -18"><span class='ocrx_word' id='word_1_302' title='bbox 174 3424 197 3474; x_wconf 87' lang='grc'><em>1.</em></span> <span class='ocrx_word' id='word_1_303' title='bbox 217 3414 270 3489; x_wconf 81' lang='grc' dir='ltr'><em>την</em></span> <span class='ocrx_word' id='word_1_304' title='bbox 290 3416 359 3491; x_wconf 73' lang='grc' dir='ltr'><em>ΞΟ]</em></span> <span class='ocrx_word' id='word_1_305' title='bbox 380 3417 487 3478; x_wconf 67' lang='grc' dir='ltr'><em>ΞΟῨ.</em></span> <span class='ocrx_word' id='word_1_306' title='bbox 598 3417 763 3489; x_wconf 55' lang='lat' dir='ltr'><em>&amp;cnm</em></span> <span class='ocrx_word' id='word_1_307' title='bbox 785 3434 838 3472; x_wconf 91' lang='lat' dir='ltr'><em>om.</em></span> <span class='ocrx_word' id='word_1_308' title='bbox 859 3436 890 3486; x_wconf 86' lang='grc' dir='ltr'><em>φ.</em></span> <span class='ocrx_word' id='word_1_309' title='bbox 1004 3422 1105 3475; x_wconf 50' lang='grc' dir='ltr'><em>ΒΑΓ</em></span> 
     </span>
     <span class='ocr_line' id='line_1_32' title="bbox 91 3483 1105 3565; baseline -0.004 -21"><span class='ocrx_word' id='word_1_310' title='bbox 91 3493 144 3545; x_wconf 86' lang='grc' dir='ltr'><em>ΓΑ</em></span> <span class='ocrx_word' id='word_1_311' title='bbox 159 3491 190 3548; x_wconf 92' lang='grc' dir='ltr'><em>Ρ.</em></span> <span class='ocrx_word' id='word_1_312' title='bbox 277 3492 385 3565; x_wconf 83' lang='grc' dir='ltr'><em>μείζων</em></span> <span class='ocrx_word' id='word_1_313' title='bbox 407 3487 481 3563; x_wconf 80' lang='grc' dir='ltr'><em>ἐστί,</em></span> <span class='ocrx_word' id='word_1_314' title='bbox 507 3489 560 3546; x_wconf 52' lang='lat' dir='ltr'><em>se&amp;</em></span> <span class='ocrx_word' id='word_1_315' title='bbox 578 3483 638 3545; x_wconf 73' lang='grc' dir='ltr'><em>ἔστί</em></span> <span class='ocrx_word' id='word_1_316' title='bbox 658 3489 872 3557; x_wconf 42' lang='lat' dir='ltr'><em>mmm&amp;</em></span> <span class='ocrx_word' id='word_1_317' title='bbox 957 3494 986 3547; x_wconf 56' lang='lat' dir='ltr'>Q</span> <span class='ocrx_word' id='word_1_318' title='bbox 1004 3491 1105 3559; x_wconf 68' lang='grc' dir='ltr'><em>μείζων</em></span> 
     </span>
    </p>
   </div>
   <div class='ocr_carea' id='block_1_5' title="bbox 0 0 1174 3818">
    <p class='ocr_par' dir='ltr' id='par_1_5' title="bbox 0 0 1174 3818">
     <span class='ocr_line' id='line_1_33' title="bbox 0 0 1174 3818; baseline 0 3"><span class='ocrx_word' id='word_1_319' title='bbox 0 0 1174 3818; x_wconf 95' lang='lat' dir='ltr'><em> </em></span> 
     </span>
    </p>
   </div>
  </div>
 </body>
</html>
