2340 3818
339 135 613 187 ELEMENTORUM
630 137 739 187 LIBER
757 138 819 188 XII.
1022 133 1085 198 177

71 277 164 342 auius
174 276 264 342 basis
273 282 324 343 eat
334 282 434 342 ΑΒΔ
443 278 634 363 triangulae,
644 282 756 343 uertex
767 283 874 344 autem
885 283 916 344 Γ
921 286 1087 364 punctum,

70 384 205 447 tertiam
228 388 356 468 partem
379 407 450 449 esse
473 385 766 450 demonstrauimus
789 385 969 469 prismatis,
996 387 1086 452 ouius

70 491 163 555 basis
188 491 231 555 sit
253 494 357 556 ΑΒΓ
374 491 568 575 triangulus,
592 493 622 555 ei
646 495 754 555 autem
779 492 948 575 oppositus
973 496 1087 575 ΔΕΖ,

71 598 175 662 etiam
194 598 345 681 pyramis,
364 598 453 661 ouius
472 597 561 662 basis
581 599 631 660 est
649 600 751 661 ΑΒΓ
765 598 1088 681 triangulnspuertex

70 708 184 768 autem
210 708 243 767 A
265 707 436 786 punctum,
463 704 562 768 tertia
590 725 666 787 pars
690 707 740 767 est
762 703 930 787 prismatis
954 703 1089 768 eandem

72 810 180 874 basim
213 808 364 873 habentis
392 809 593 893 triangulum
621 812 733 891 ΑΒΓ,
765 809 795 873 ei
823 812 932 874 autem
960 809 1090 895 opposi-

71 920 143 980 tum
167 918 278 980 ΔΕΖ.

448 1107 720 1175 Corollarium.

142 1251 230 1316 Hine
255 1251 464 1316 manifestum
489 1255 553 1333 est,
581 1272 709 1316 omnem
731 1223 933 1336 pyramidem
956 1253 1090 1319 tertiam

75 1353 205 1444 partem
228 1378 298 1423 esse
321 1359 499 1440 primatis,
522 1356 607 1440 quod
632 1357 765 1422 eandem
788 1359 892 1423 basim
915 1359 1036 1426 habeat
1058 1365 1091 1424 et

76 1465 283 1531 altitudinem
302 1460 509 1548 aequalem.¹)
537 1500 573 1510 —
601 1463 777 1548 quoderat
795 1465 1091 1532 demonstrandum.

540 1710 630 1774 VIII.

148 1854 277 1920 Similes
305 1855 489 1939 pyramides
517 1853 699 1936 triangulas
727 1853 821 1918 bases
849 1854 1007 1919 habentes
1033 1852 1100 1921 ai·-

635 2085 710 2128 nem
733 2063 855 2129 habent
876 2087 973 2150 quam
989 2066 1096 2131 latera

636 2173 931 2255 correspondentia.

704 2277 777 2343 Sint
799 2280 985 2365 pyramides
1004 2280 1094 2344 simi-

586 2393 612 2441 1²
636 2388 683 2450 les
712 2390 745 2450 et
778 2385 939 2454 similiter.
959 2384 1096 2470 positae,
1153 2370 1155 2375 ⁵

636 2515 772 2577 quarum
789 2493 885 2558 bases
904 2492 970 2557 sint
988 2495 1096 2577 ΑΒΓ,

83 2609 117 2669 A
121 2609 187 2669 ΕΖ
205 2604 369 2688 trianguli,
387 2603 524 2668 uertices
543 2607 652 2666 autem
665 2603 713 2683 H,
727 2604 756 2664 Θ
773 2591 901 2683 puncta.
926 2592 1005 2682 dico,
1025 2619 1096 2663 esse

83 2702 644 2775 ABFthEZff=BF³tEZ⁸.

80 2869 297 2879 ——-——-

158 2975 184 3042 1)
205 2969 283 3036 Quae
302 2971 456 3038 sequuntur
475 2969 561 3023 uerba
578 2969 631 3023 lin:
648 2973 752 3023 10-14
771 2967 830 3020 sine
849 2966 935 3020 dubio
954 2964 1097 3022 subditiuo

83 3045 157 3100 sunt.
191 3042 357 3110 scripturam
376 3040 479 3095 oodiois
494 3038 516 3092 P
534 3039 565 3093 in
577 3040 631 3094 fine
645 3040 777 3093 lacunam
790 3037 903 3106 habere,
921 3041 996 3092 recte
1010 3036 1096 3106 signi-

83 3115 182 3168 ficauit
198 3115 322 3182 August3
346 3127 412 3165 nam
435 3111 522 3165 uerba
543 3114 593 3164 aot
616 3105 653 3172 ὡς
675 3105 693 3178 ἡ
717 3104 766 3178 ὅλη
792 3104 957 3182 ptionensis
977 3106 1097 3163 ἕκαστον

83 3183 252 3308 principium
275 3184 319 3237 est
342 3181 486 3251 amplioris
509 3180 762 3235 demonstrationis.
810 3179 954 3260 oeteranin
977 3178 999 3232 P
1028 3177 1096 3233 satis

85 3271 165 3309 emen
187 3258 234 3309 ate
255 3254 401 3323 leguntur,
429 3268 491 3306 oum
515 3251 546 3305 in
568 3251 648 3307 oodd.
672 3249 824 3305 Theoninis
847 3266 924 3304 omni
947 3265 1029 3303 sensu
1052 3265 1097 3304 oa·

85 3329 173 3380 reant.
215 3323 265 3379 sed
289 3323 399 3379 etiamsi
417 3339 485 3378 sana
503 3326 597 3378 essent
615 3322 720 3389 omnia,
743 3321 813 3376 haeo
831 3321 919 3374 uerba
937 3328 1033 3374 tamen
1051 3336 1097 3373 su-

87 3398 183 3465 speota
201 3397 303 3463 essent,
321 3394 396 3465 quia,
414 3396 447 3447 ut
465 3393 576 3463 saepius
595 3390 700 3460 monui,
723 3389 989 3446 demonstrationem
1008 3390 1099 3445 oorol·

87 3465 151 3521 larii
169 3467 278 3522 adferre
297 3466 369 3520 nihil
386 3463 504 3519 adtinet.

135 3565 283 3615 suarides,
298 3563 347 3603 aas.
361 3564 467 3616 Heroas
479 3568 504 3608 es
518 3566 611 3619 arengo.
633 3565 680 3610 iv.
925 3553 969 3600 Ὠ·
