2340 3818
105 124 171 190 218
476 125 680 179 Συοοωιωι
698 120 749 199 ω’.

104 265 221 349 ἄξονες
245 276 312 335 ίσοι
335 267 421 334 είσδν
440 265 611 354 ἀλλήλοις,
635 270 670 335 oc
687 264 752 354 ἄρα
767 272 848 353 ΠΡ,
872 271 949 350 ΡΒ,
972 268 1045 333 ΒΗ
1063 266 1115 332 κύ-

104 379 237 464 λινδροι
264 374 348 462 πρὸς
374 370 540 460 ἀλλήλους
567 373 653 441 είσλν
682 370 728 452 ὡς
753 375 792 440 αί
816 373 940 459 βάσεις.
985 379 1057 439 ἱσαι
1084 371 1118 438 δέ

105 484 191 548 εἰσιν
219 485 257 549 αί
280 480 407 568 βάσεις·
436 488 504 547 ίσοι
532 477 597 568 ἄρα
619 479 676 546 καλ
699 470 738 548 οί
756 486 837 563 ΠΡ,
865 485 942 562 ΡΒ,
970 485 1046 547 ΒΗ
1064 477 1117 546 κύ-

104 592 236 676 λινδροι
260 585 426 673 ἀλλήλοις.
463 586 532 656 ἐπεὶ
556 578 620 655 ούν
644 589 680 654 οί
696 591 781 671 AN,
804 591 890 671 ΝΕ,
912 591 983 653 ΕΚ
1004 582 1118 666 ἄξονες

68 701 172 761 οίσοι
196 694 282 762 είσὶν
304 691 471 781 άλλήλοις,
495 693 559 761 είσλ
583 692 621 761 δὲ
642 692 699 760 καὶ
722 695 758 760 οί
774 698 854 779 ΠΡ,
877 698 954 778 ΡΒ,
978 699 1054 761 ΒΗ
1066 692 1121 760 κύ-

103 805 236 889 λινδροι
264 809 331 867 ίσοι
358 799 530 887 ἀλλήλοις,
557 805 616 867 καί
642 796 740 867 ἐστιν’
755 806 832 867 ίσον
853 797 892 867 τὸ
915 802 1050 885 πλῆθος
1076 802 1120 890 τῷ

103 909 237 993 πλήθει,
261 905 476 975 ὁσαπλασίων
500 904 566 991 ἄρα
590 906 608 974 6
629 912 694 974 ΚΛ
717 902 807 987 ἄξων
824 908 886 977 τού
904 911 974 972 ΕΚ
989 903 1121 991 ἄξονος,

102 1018 400 1081 τοσαυταπλασίων
427 1017 519 1081 ἐσται
545 1012 601 1081 καί
626 1012 644 1080 6
668 1018 748 1079 ΠΗ
765 1011 945 1100 κύλινδρος
967 1015 1031 1079 τού
1053 1018 1121 1080 ΗΒ

103 1123 296 1207 κυλίνδρου.
343 1117 400 1186 διὰ
422 1118 464 1185 τὰ
487 1116 571 1187 αύτᾶ
597 1118 640 1206 δὴ
663 1119 719 1188 καὶ
743 1119 959 1188 ὁσαπλασίων
986 1118 1080 1187 ἐστίν
1103 1115 1120 1186 6

52 1241 84 1290 10
103 1232 182 1292 MK
204 1223 293 1305 ἄξων
316 1227 377 1293 τοῦ
399 1231 465 1292 ΚΖ
487 1223 623 1313 ἄξονος,
652 1231 950 1294 τοσαυταπλασίων
973 1225 1044 1293 ἐστὶ
1065 1225 1121 1293 καὶ

104 1329 122 1398 6
142 1337 217 1397 ΧΗ
233 1329 415 1416 κύλινδρος
437 1335 498 1399 τοῦ
517 1338 587 1398 HA
609 1337 803 1420 κυλίνδρου.
843 1337 900 1400 καὶ
918 1321 951 1398 εί
966 1329 1031 1419 μὲν
1050 1338 1120 1410 ίσος

103 1436 194 1504 ἐστὶν
222 1435 240 1505 6
265 1444 330 1505 ΚΛ
358 1436 447 1519 ἄξων
474 1449 520 1530 τῷ
549 1444 632 1505 ΚΜ
654 1437 766 1524 ἄξονι,
794 1446 867 1518 ίσος
897 1442 990 1506 ἔσται
1017 1437 1075 1506 καὶ
1101 1433 1119 1505 6

102 1548 182 1608 ΠΗ
207 1542 387 1629 κύλινδρος
420 1547 465 1635 τῷ
495 1551 568 1611 ΗΧ
595 1549 781 1637 κυλίνδρῳ,
815 1548 846 1611 εί
877 1543 915 1612 δὲ
946 1549 1070 1632 μείζων
1102 1540 1118 1612 6

102 1645 194 1728 ἄξων
220 1652 281 1717 τοῦ
309 1648 444 1735 ἄξονος,
478 1655 598 1736 μείζων
629 1650 687 1717 καὶ
719 1648 737 1718 6
765 1649 947 1739 κύλινδρος
972 1654 1037 1719 τού
1064 1676 1118 1719 κν-

51 1770 83 1820 15
102 1758 260 1843 λίνδρου,
283 1756 338 1823 καί
362 1760 393 1824 εί
415 1755 576 1840 ἐλάσσων,
600 1755 761 1825 ἐλάσσων.
802 1756 975 1844 τεσσάρων
1001 1755 1043 1844 δὴ
1068 1782 1118 1844 με·

102 1867 217 1947 γεδῶν
242 1860 362 1948 ἄντων,
385 1861 519 1943 άξόνων
541 1863 603 1948 μὲν
626 1867 695 1942 τῶν
719 1868 799 1949 ΕΚ,
823 1869 903 1948 ΚΖ,
926 1867 1116 1952 κυλίνδρων

103 1967 140 2034 δὲ
162 1973 230 2038 τῶν
253 1976 339 2056 ΒΗ,
368 1977 452 2056 ΗΑ,
483 1977 634 2056 εἴληπται
658 1968 767 2048 ίσάκις
788 1967 1037 2055 πολλαπλάσια,
1060 1972 1116 2036 τού

101 2073 163 2159 μὲν
192 2082 261 2142 ΕΚ
291 2073 412 2156 ἄξονος
443 2077 500 2143 καὶ
530 2079 593 2143 τού
620 2082 693 2144 ΒΗ
719 2078 905 2164 κυλίνδρου
939 2074 959 2143 ὅ
987 2101 1024 2143 τε
1056 2079 1120 2143 ΛΚ

102 2178 192 2258 ἄξων
218 2179 316 2250 καὶὸ
345 2189 425 2249 ΠΗ
441 2180 642 2270 ξκύλινδρος,
670 2186 732 2250 τοῦ
759 2181 797 2249 δὲ
820 2188 887 2248 KZ
914 2179 1037 2262 ἄξονος
1063 2182 1117 2250 καί

49 2301 82 2350 20
101 2290 162 2352 τοῦ
185 2293 255 2353 HA
277 2292 461 2374 κυλίνδρου
484 2286 504 2355 6
526 2314 561 2356 τε
583 2295 667 2355 ΚΜ
684 2286 774 2368 ἄξων
797 2288 853 2355 καὶ
876 2315 894 2356 ο
915 2295 990 2355 ΗΚ
1008 2286 1117 2356 κύλιν-

103 2395 197 2477 δρος,
220 2392 276 2459 καὶ
300 2393 479 2478 δέδεικται,
511 2392 563 2460 ὅτι
586 2397 617 2461 εί
638 2391 790 2483 ὑπερέχει
814 2391 832 2462 6
856 2400 921 2461 KA
944 2392 1036 2476 ἄξων
1057 2399 1116 2463 τοῦ

100 2503 183 2564 ΚΜ
199 2497 335 2583 ἄξονος,
363 2495 514 2585 ὑπερέχει
537 2499 593 2566 καὶ
608 2492 635 2568 δ
659 2507 738 2567 ΠΗ
761 2499 943 2588 κύλινδρος
964 2505 1026 2569 τοῦ
1050 2506 1120 2569 ΗΧ

101 2608 293 2692 κυλίνδρου,
316 2604 371 2672 καὶ
391 2608 422 2672 εί
439 2612 522 2690 ίσος,
546 2614 629 2690 ίσος,
647 2606 704 2673 καὶ
723 2610 754 2674 εί
772 2605 935 2691 ἐλάσσων,
955 2607 1113 2676 ἐλάσσων.

102 2715 192 2777 ἔστιν
215 2708 281 2795 ἄρα
301 2707 345 2790 ὡς
369 2708 386 2778 6
407 2718 476 2778 ΕΚ
493 2711 584 2792 ἄξων
602 2708 686 2800 πρὸς
703 2710 764 2780 τὸν
783 2718 850 2779 ΚΖ
867 2710 985 2799 ἄξονα,
1010 2710 1114 2792 οὕτως

48 2831 82 2880 25
102 2815 120 2883 6
146 2823 218 2884 ΒΗ
236 2817 417 2905 κύλινδρος
439 2815 522 2906 πρὸς
544 2817 604 2885 τὸν
628 2825 699 2885 HA
720 2818 918 2907 κύλινδρον·
942 2816 1026 2909 ὅπερ
1049 2825 1114 2889 ἔδει

102 2925 215 3004 δεῖξαι.

578 3011 634 3081 ιδ’.

169 3121 218 3185 Οί
248 3117 309 3187 ἐπὶ
342 3125 439 3186 ίσων
472 3117 628 3204 βάσεων
661 3117 774 3199 ἄντες
804 3121 927 3187 κῶνοι
957 3119 1025 3187 καί
1053 3121 1115 3188 κύ-

100 3227 259 3312 λινδροι
282 3223 378 3312 πρὸς
401 3222 598 3312 ἀλλήλους
620 3226 725 3293 είσλν
748 3223 798 3306 ὡς
820 3224 865 3294 τᾶ
889 3225 979 3314 ύψη.

173 3390 196 3437 1.
217 3381 247 3439 οί
263 3380 331 3456 ἄρα]
351 3384 401 3439 καλ
420 3381 449 3439 ολ
464 3385 494 3438 Ρ.
581 3389 606 3439 4.
625 3381 766 3457 άλλήλοις]
786 3402 840 3440 om.
859 3386 893 3441 V.
977 3377 1044 3458 οὖν]
1064 3377 1116 3442 οὖν

99 3457 151 3509 καί
166 3457 196 3510 Ρ.
270 3459 293 3512 5.
315 3454 397 3528 είσίν]
418 3473 472 3512 om.
491 3453 525 3510 V.
598 3454 671 3526 είσί]
690 3456 763 3512 είσίν
782 3458 813 3512 Β.
887 3463 912 3513 6.
930 3459 1042 3527 πλῆθος
1059 3458 1115 3512 τᾶν
