2340 3818
102 153 167 219 288
477 154 679 208 ΣΤΟΙΧΕῙΩΝ
698 150 747 222 ιγ’.

101 300 160 384 τῆς
182 303 261 382 ΕΔ,
284 296 434 365 τουτέστι
456 299 519 363 τοῦ
543 293 608 364 άπὸ
631 298 689 382 τῆς·
711 301 784 362 ΒΕ.
827 276 907 362 έσον
931 293 971 362 δέ
992 291 1033 363 τὸ
1056 291 1119 362 άπὸ

101 407 160 490 τῆς
186 410 257 471 ΑΕ
286 416 356 482 τοῖς
387 400 452 471 άπὸ
483 406 552 471 τῶν
579 410 660 489 AB,
688 408 765 469 ΒΕ·
797 399 838 468 τὰ
866 398 933 489 άρα
958 398 1028 469 άπδ
1056 403 1121 468 τῶν

102 516 183 596 ΑΒ,
201 517 268 578 ΒΕ
288 507 509 597 τετραπλάσιά
533 510 602 578 ἐστι
625 512 686 576 τοῦ
708 505 774 576 άπὸ
797 511 857 594 τῆς
875 514 949 576 ΒΕ.
973 506 1120 575 διελόντι

102 613 168 704 άρα
194 614 233 684 τὸ
261 614 327 685 άπὸ
355 621 414 703 τῆς
441 623 505 684 ΑΒ
538 608 736 703 τριπλάσιόν
769 616 839 683 ἐστι
863 617 925 682 τοῦ
953 610 1022 681 άπὸ
1051 620 1122 682 ΒΕ.

67 730 158 809 σίση
187 722 225 790 δὲ
251 721 271 810 ἡ
294 730 362 790 ΒΕ
385 727 425 812 τῇ
452 730 531 792 ΔΕ·
558 723 596 790 τὸ
625 719 691 809 άρα
718 719 783 789 σἰπδ
810 724 869 808 τῆς
891 727 959 788 ΑΒ
985 718 1123 808 τριπλά·

103 828 179 898 σιόν
203 831 271 899 ἐστι
294 834 356 898 τοῦ
381 828 446 898 άπὸ
469 832 528 915 τῆς
551 836 627 897 ΔΕ.

163 935 206 1003 Ἡ
237 934 303 1023 ἄρα
329 939 390 1003 τοῦ
417 934 586 1024 τριγώνου
612 932 740 1022 πλευρὰ
771 932 912 1021 δυνάμει
941 938 1123 1021 τριπλασία

103 1042 171 1109 ἐστὶ
190 1046 248 1128 τῆς
267 1043 302 1109 έκ
320 1045 382 1109 τοῦ
399 1041 541 1130 κέντρου
560 1044 635 1126 [τοῦ
652 1042 805 1126 κύκλου]·
825 1041 906 1128 ὅπερ
921 1044 992 1108 ἔδει
1008 1043 1122 1122 δεῖξαι.

585 1245 643 1304 ιγ.

50 1358 83 1407 10
172 1347 385 1430 Πυραμίδα
421 1341 696 1428 συστήσασθαι
733 1341 797 1409 καὶ
836 1346 987 1432 σφαίρᾳ
1021 1367 1123 1430 περι-

101 1453 241 1534 λαβεῖν
271 1452 315 1537 τή
345 1453 513 1537 δοθείσῃ
541 1449 606 1516 καὶ
629 1450 774 1536 δεῖξαι,
799 1446 859 1517 ὅτι
877 1445 898 1535 ή
916 1451 987 1534 τῆς
1007 1453 1122 1536 σφαί-

103 1581 172 1643 ρας
196 1553 406 1643 διάμετρος
430 1553 597 1643 δυνάμει
621 1552 783 1642 ἡμιολία
806 1555 891 1623 ἐστὶ
915 1558 985 1642 τῆς
1008 1563 1121 1623 πλευ·

102 1665 171 1749 ράς
194 1665 265 1747 τῆς
287 1666 520 1749 πυραμίδος.
639 1685 642 1691 ’

167 1765 349 1835 Ἐκκείσθω
382 1764 402 1854 ἡ
434 1772 492 1855 τῆς
525 1771 685 1856 δοθείσης
718 1774 863 1857 σφαίρας
892 1767 1072 1855 διάμετρος
1101 1765 1120 1853 ἡ

50 1888 83 1937 15
102 1881 169 1941 ΑΒ
177 1926 186 1961 ,
213 1875 270 1942 καὶ
293 1872 468 1960 τετμήσθω
496 1873 579 1941 κατά
603 1872 641 1942 τὸ
665 1880 869 1964 Γσημείον,
896 1871 982 1942 ὥστε
1007 1878 1120 1942 διπλα-

103 1987 180 2049 σίαν
208 1978 295 2049 εἶναι
322 1978 384 2068 τήν
408 1986 477 2047 ΑΓ
499 1984 558 2067 τῆς
579 1986 655 2048 ΓΒ·
684 1982 741 2048 καὶ
768 1980 952 2069 γεγράφθω
981 1981 1036 2049 ἐπὶ
1064 1987 1122 2070 τῆς

102 2093 167 2153 ΑΒ
195 2083 396 2174 ἡμικύκλιον
423 2085 461 2155 τὸ
485 2093 601 2171 AAB,
628 2088 684 2154 καλ
712 2086 808 2173 ήχθω
837 2085 902 2155 άπὸ
926 2092 988 2156 τού
1013 2094 1046 2155 Γ
1066 2075 1122 2175 ση-

103 2198 199 2278 μείου
230 2198 270 2283 τῇ
298 2201 363 2261 ΑΒ
396 2192 478 2281 πρὸς
506 2190 614 2281 ὀρθάς
641 2191 661 2279 ή
690 2199 767 2279 ΓΔ,
799 2194 855 2260 καὶ
883 2193 1073 2282 ἐπεζεύχθω
1100 2194 1120 2281 ἡ

104 2306 182 2365 AA·
218 2299 275 2365 καὶ
306 2302 468 2369 ἐκκείσθω
503 2299 625 2380 κύκλος
653 2297 671 2368 ὁ
699 2306 806 2367 ΕΖΗ
838 2308 916 2387 ίσην
943 2305 1030 2388 έχων
1059 2302 1122 2390 τήν

50 2417 85 2467 20
103 2407 139 2473 ἐκ
162 2410 223 2472 τοῦ
242 2407 384 2489 κέντρου
401 2411 441 2495 τῇ
457 2415 490 2473 A
495 2413 533 2493 Γ,
556 2406 613 2474 καὶ
631 2404 854 2495 ἐγγεγράφθω
874 2411 920 2488 είς
937 2406 1000 2476 τὸν
1019 2415 1126 2477 ΕΖΗ

102 2510 228 2579 κύκλον
256 2516 424 2598 τρίγωνον
451 2512 653 2602 ἰσόπλευρον
680 2513 718 2581 τὸ
742 2519 860 2582 ΕΖΗ·
886 2514 943 2582 καὶ
965 2514 1121 2602 εἰλήφθω

102 2616 140 2685 τὸ
163 2618 304 2706 κέντρον
327 2629 388 2686 τοῦ
411 2618 538 2687 κύκλου
559 2618 597 2688 τὸ
618 2627 647 2688 Θ
670 2632 820 2707 σημεῖον,
843 2620 901 2688 καὶ
919 2619 1122 2708 ἐπεζεύχθω·

103 2742 167 2791 σαν
191 2727 229 2791 αι’
250 2732 330 2810 ΕΘ,
354 2731 430 2810 ΘΖ,
458 2731 539 2792 ΘΗ·
568 2727 624 2793 καὶ
648 2723 815 2794 ἀνεστάτω
839 2724 904 2795 άπδ
927 2731 991 2796 τοῦ
1015 2734 1045 2795 Θ
1069 2749 1122 2816 ση·

102 2835 199 2916 μείου
226 2835 271 2922 τῷ
300 2835 360 2899 τοῦ
389 2837 496 2899 ΕΖΗ
522 2830 649 2900 κύκλου
680 2834 823 2925 ἐπιπέδῳ
851 2857 935 2922 προς
962 2844 1075 2922 ορθας
1101 2863 1121 2922 η

50 2948 83 2996 25
105 2943 186 3023 ΘΚ,
215 2938 271 3003 καὶ
294 2935 483 3026 ἀφῃρήσθω
512 2936 576 3006 άπὸ
603 2942 661 3026 τῆς
684 2912 751 3007 ΘΚ
770 2943 810 3028 τῇ
834 2946 903 3007 ΑΓ
921 2938 1043 3033 εὐθείᾳ
1066 2950 1120 3028 ἴση

103 3040 123 3128 ή
143 3051 230 3130 ΘΚ,
253 3043 308 3110 καὶ
332 3043 585 3131 ἐπεζεύχθωσαν
604 3047 641 3111 αέ
657 3052 740 3132 ΚΕ,
757 3053 839 3133 ΚΖ,
858 3053 939 3115 ΚΗ.
975 3048 1032 3115 καὶ
1053 3049 1122 3117 ἐπεὶ

177 3209 201 3257 4.
222 3199 373 3258 διπλάσιόν
392 3204 419 3258 b.
506 3200 582 3259 ἐστιν
600 3204 631 3258 P.
713 3198 771 3259 άπὸ
790 3205 840 3274 τῆς
856 3205 890 3262 V.
978 3211 1003 3263 5.
1023 3205 1122 3263 διπλά·

105 3273 166 3327 σιόν
185 3275 212 3328 b.
304 3280 328 3329 7.
348 3276 482 3329 διπλασία
501 3276 533 3342 b,
552 3277 721 3344 τριπλασίων
739 3276 773 3332 V.
859 3281 884 3331 8.
904 3271 980 3332 ἐστίν
999 3278 1031 3334 Ρ.

104 3345 155 3399 τοῦ
174 3341 292 3416 κύκλου]
313 3362 366 3400 om.
382 3346 412 3400 P.
486 3351 527 3403 10.
546 3347 620 3401 Ante
638 3348 690 3402 καί
705 3348 757 3403 ins.
773 3343 806 3402 έιι
820 3343 962 3419 τεσσάρων
976 3345 1121 3420 τριγώνων

106 3414 279 3483 ἰσοπλεύρων
298 3434 354 3486 mg.
373 3436 409 3470 m.
431 3423 445 3470 1
465 3433 516 3486 pro
535 3418 643 3473 scholio
660 3419 690 3473 P.
751 3424 876 3488 σφαῖραν
894 3421 922 3474 b.
985 3426 1027 3476 12.
1047 3416 1122 3477 ἐστίν

93 3487 125 3540 P.
205 3494 246 3547 14.
269 3485 428 3564 ἐκκείσθω]
447 3488 527 3562 ptius
544 3510 562 3545 κ
581 3505 668 3561 nupta
684 3506 738 3546 m.
752 3508 794 3544 m.
807 3506 866 3545 τεο.
881 3490 915 3545 P.
987 3495 1029 3548 16.
1049 3492 1122 3548 Anto
