2340 3818
100 157 166 222 284
470 155 672 209 Σοουιοιιιοι
691 151 743 224 η’.

99 297 165 368 ἀπὸ
187 302 245 385 της
268 303 344 366 ΚΖ.
393 295 639 365 πενταπλάσιον
663 296 701 364 δὲ
724 295 761 366 τὸ
786 295 850 367 ἀπὸ
873 307 932 384 τῆς
954 303 1036 365 MK
1056 301 1115 364 τοῦ

99 404 165 474 άτιό
189 409 247 492 τῆς
269 409 349 472 ΚΖ·
372 402 619 472 πενταπλάσιον
643 400 710 490 ἀρα
732 405 770 473 τὸ
792 401 858 472 ἀιιό
882 408 942 492 τῆς
965 409 1035 472 ΒΚ
1056 407 1114 471 τοῦ

99 510 165 581 ἀιιὸ
189 516 249 598 τῆς
271 518 360 578 ΚΜ·
384 511 422 579 τὸ
446 508 510 599 ἀρα
533 506 599 578 ἀπὸ
622 513 681 596 τῆς
703 518 774 578 ΒΚ
793 512 876 600 πρὸς
897 508 936 578 τὸ
960 506 1026 579 ἀπὸ
1042 515 1119 577 ΚΜ

100 618 204 706 λόγον
233 616 296 686 οάιι
319 621 399 705 ἔχει,
427 616 468 685 ὃν
495 615 704 705 τετράγωνος
729 616 877 705 ἀριθμὸς
898 615 984 706 πρὸς
1006 616 1113 705 τετρά-

65 751 212 812 ομωνον
236 722 399 810 ἀριθμόν·
423 721 632 812 ἀσύμμετρος
654 722 721 812 ἀρα
744 724 835 792 ἐστὶν
858 721 879 811 ἡ
898 730 969 791 ΒΚ
986 727 1027 812 τῇ
1042 730 1116 790 ΚΜ

101 834 204 919 μήκει.
249 835 308 898 καί
332 832 401 897 ἐστι
429 827 510 916 ῥητὴ
539 829 676 917 ἑκατέρα
705 828 825 899 αὐτῶν.
876 833 914 898 αἱ
933 836 1016 917 ΒΚ,
1042 836 1120 898 ΚΜ

100 937 167 1026 ἀρα
191 940 291 1023 ῥηταί
310 940 375 1004 εἰσι
399 935 542 1023 δυνάμει
565 934 673 1023 μόνον
692 935 883 1024 σύμμετροι.
914 939 975 1005 έάν
995 936 1034 1005 δὲ
1053 934 1115 1005 ἀπὸ

101 1046 202 1131 ῥητῆς
225 1040 308 1130 ῥητὴ
331 1040 502 1131 ἀφαιρεθῇ
526 1041 798 1130 δυνάμει-μόνον
821 1041 1009 1130 σύμμετρος
1033 1037 1115 1113 οὖσα

100 1156 139 1238 τῇ
165 1149 242 1238 ὅλη,
264 1146 285 1236 ἡ
310 1149 408 1236 λοιαὴ
431 1148 555 1236 ἀλονός
579 1151 670 1217 ἐστιν
692 1146 858 1236 ἀποτομή·
872 1148 1035 1238 ’ἀποτομὴ
1055 1149 1116 1237 ἀρα

49 1284 82 1332 10
101 1257 192 1325 ἐστὶν
216 1253 237 1341 ἡ
260 1262 350 1341 ΜΒ,
377 1254 657 1344 προσαρμόζουσα
685 1254 722 1322 δὲ
744 1253 828 1344 αὐτῇ
856 1254 877 1342 ἡ
901 1262 988 1324 ΜΚ.
1035 1258 1115 1344 λέγω

102 1362 159 1449 δή,
188 1360 241 1430 ὅτι
267 1362 323 1430 καὶ
350 1361 498 1450 τετάρτη.
548 1353 575 1453 ᾦ
606 1359 648 1448 δὴ
672 1360 785 1448 μεῖζόν
810 1363 879 1429 ἐστι
905 1364 954 1432 τὸ-
971 1361 1040 1433 ἀπὸ
1063 1375 1117 1451 τῆς

100 1475 170 1535 ΒΚ
190 1471 251 1536 τοῦ
275 1466 340 1536 ἀτιο
363 1472 422 1554 τῆς
443 1473 534 1553 ΚΜ,
563 1469 678 1558 ἐκείνῳ
703 1474 779 1534 ἴσον
802 1471 885 1536 ἔστω
908 1468 947 1536 τὸ
971 1468 1041 1538 ἀπὸ
1065 1473 1117 1557 τῆς

101 1581 148 1641 Ν·
177 1572 198 1662 ἡ
222 1580 291 1642 ΒΚ
316 1572 384 1662 ἀρα
410 1576 468 1660 τῆς
491 1579 570 1640 ΚΜ
596 1578 708 1659 μεῖζον
736 1572 879 1642 δύναται
905 1579 945 1665 τῇ
974 1583 1018 1644 Ν.
1065 1576 1116 1644 καὶ

101 1681 172 1749 ἐπεὶ
191 1678 377 1768 σύμμετρός
395 1681 486 1747 ἐστιν
503 1676 524 1765 ἡ
544 1686 610 1746 ΚΖ
628 1683 668 1767 τῇ
684 1685 761 1765 ΖΒ,
784 1680 840 1747 καὶ
858 1683 1022 1750 συνθέντι
1041 1684 1116 1770 σύμ·

50 1812 82 1861 15
101 1786 220 1874 ματρός
243 1789 333 1855 ἐστιν
355 1783 376 1872 ἡ
401 1792 467 1852 ΚΒ
488 1789 530 1872 τῇ
554 1791 624 1852 ΖΒ.
661 1783 745 1853 ἀλλά
767 1783 788 1871 ἡ
808 1793 870 1854 ΒΖ
892 1791 932 1876 τῇ
952 1793 1016 1855 ΒΘ
1040 1790 1116 1875 σύμ-

102 1893 220 1980 μετρός
243 1896 347 1961 ἐστιν·
369 1892 425 1959 καὶ
447 1889 468 1977 ἡ
492 1898 563 1960 ΒΚ
582 1889 650 1980 ἀρα
670 1895 710 1979 τῇ
730 1899 794 1960 ΒΘ
811 1893 1001 1981 σύμμετρός
1020 1897 1116 1963 ἐστιν.

101 2001 156 2068 καὶ
181 1999 250 2068 ἐπεὶ
272 1996 520 2067 πενταπλάσιόν
543 2000 613 2065 ἐστι
635 1996 672 2066 τὸ
701 1996 766 2068 ἀπὸ
794 2003 854 2086 τῆς
876 2006 946 2068 ΒΚ
966 2004 1030 2069 τοῦ
1054 1999 1116 2070 άιιο

101 2111 159 2192 τῆς
182 2112 274 2191 ΚΜ,
296 2103 335 2173 τὸ
359 2103 425 2192 ἀρα
448 2102 513 2172 ἀαό
537 2107 595 2191 τῆς
618 2111 687 2172 ΒΚ
708 2107 792 2192 πρὸς
813 2108 851 2176 τὸ
875 2103 941 2175 ἀαὸ
964 2111 1025 2194 τῆς
1043 2114 1122 2176 ΚΜ

101 2211 205 2297 λόγον
229 2216 310 2298 ἔχει,
334 2208 376 2279 ὃν
398 2223 415 2278 ὲ
437 2209 520 2299 πρὸς
543 2211 589 2278 έν.
631 2209 877 2300 ἀναστρέψαντι
900 2212 967 2301 ἀρα
989 2239 1029 2281 το
1054 2213 1118 2282 ἀπὸ

49 2342 83 2391 20
101 2328 160 2404 της
188 2322 257 2384 ΒΚ
287 2314 371 2402 πρὸς
396 2314 435 2383 τὸ
463 2315 527 2384 ἀπὸ
554 2322 613 2405 τῆς
636 2325 675 2385 Ν
698 2318 802 2405 λόγον
826 2324 903 2407 ἔχει,
932 2315 974 2387 ὃν
995 2331 1014 2387 ἒ
1038 2322 1119 2409 πρὸς

101 2411 226 2510 3,.οάχ
254 2420 295 2491 ὃν
317 2420 525 2509 τετράγωνος
551 2425 634 2509 πρὸς
656 2423 880 2518 τετράγωνον·
908 2422 1119 2513 ἀσύμμετρος

102 2529 168 2617 ἀρα
195 2529 286 2597 ἐστὶν
314 2526 334 2614 ἡ
358 2534 429 2595 ΒΚ
448 2537 488 2617 τῇ
512 2535 560 2595 Ν·
588 2529 609 2616 ἡ
637 2537 707 2598 ΒΚ
733 2529 799 2614 ἀρα
826 2535 885 2618 τῆς
906 2538 990 2599 ΚΜ
1007 2539 1119 2619 μεῖζον

103 2637 244 2704 δύναται
271 2640 316 2726 τῷ
340 2631 406 2703 ἀπο
434 2633 647 2722 ἀσυμμέτρου
675 2637 786 2726 ἑαυτῇ.
832 2637 902 2706 ἐπεὶ
926 2631 989 2707 οὖν
1013 2637 1118 2727 ὅληὴ

103 2749 172 2810 ΒΚ
192 2745 250 2828 τῆς
273 2741 569 2830 προσαρμοζούσης
591 2753 650 2828 τῆς
672 2747 751 2810 ΚΜ
773 2750 885 2831 μεῖζον
908 2744 1052 2814 δύναται
1074 2749 1118 2836 τῷ

50 2871 83 2920 25
103 2846 168 2916 ἀπὸ
192 2845 405 2937 ἀσυμμέτρου
428 2849 540 2936 ἑαυτῇ,
562 2848 618 2915 καὶ
642 2847 702 2935 ὅλη
722 2847 828 2936 ἡΒΚ
845 2849 1033 2940 σύμμετρός
1053 2855 1119 2920 ἐστι

102 2959 141 3043 τῇ
161 2956 331 3044 ἐκκειμένῃ
351 2957 433 3044 ῥητῇ
451 2965 491 3043 τῇ
510 2962 587 3040 ΒΘ,
612 2953 763 3043 ἀποτομὴ
781 2955 848 3046 ἀρα
869 2957 1008 3047 τετάρτη
1029 2958 1119 3027 ἐστὶν

104 3057 125 3147 ἡ
158 3066 239 3127 ΜΒ.
294 3057 331 3128 τὸ
365 3059 403 3127 δὲ
439 3058 504 3128 ὑπὸ
538 3062 640 3149 ῥητῆς
671 3062 727 3128 καὶ
758 3059 929 3151 ἀποτομῆς
964 3063 1121 3152 τετάρτης

103 3164 342 3253 περιεχόμενον
370 3164 585 3255 ὀρθογώνιον
608 3164 736 3254 άλογόν
764 3171 866 3255 ἐστιν,
893 3170 949 3238 καὶ
973 3167 994 3257 ἡ
1018 3172 1120 3238 δυνα-

175 3421 200 3469 2.
221 3417 290 3500 ΒΚ]
311 3420 332 3468 Β
352 3432 421 3470 corr.
442 3431 475 3470 ex
496 3418 523 3468 Γ
537 3431 574 3469 m.
595 3421 609 3468 1
628 3415 655 3469 b.
712 3420 736 3470 3.
751 3416 830 3487 ΚΜ]
846 3416 919 3487 (alt.)
936 3421 1003 3472 ΜΚ
1019 3418 1053 3486 b;
1073 3423 1121 3487 τῆς

92 3491 169 3542 MK
178 3487 239 3558 Βη,
256 3508 306 3561 της
320 3491 388 3546 ΚΜ
398 3484 432 3544 V.
490 3492 515 3543 b.
530 3481 622 3559 {01th
635 3485 735 3543 οτοΝ.
790 3486 886 3542 m„
937 3493 964 3542 ο.
978 3485 1055 3543 ἐστιν
1068 3490 1119 3545 ΡΒ.
