2340 3818
99 154 164 219 308
470 147 740 239 ΣΤουιυικαοιγ.

99 296 136 365 δὲ
168 297 223 363 καὶ
252 293 281 382 ή
300 302 368 363 ΛΟ
394 293 627 381 πενταγώνου,
662 292 864 378 ἰσόπλευρον
892 291 957 382 ἀρα
986 291 1056 360 ἐστὶ
1081 289 1115 359 τὸ

100 409 201 470 ΠΛΟ
232 406 408 488 τρίγωνον.
458 400 515 468 διά
542 398 582 467 τά
615 397 700 467 αάτδι
728 397 771 485 δή
798 399 855 467 καὶ
884 400 1026 467 ἕκαστον
1054 407 1118 464 τῶν

101 514 221 593 ΛΡΜ,
253 515 387 593 ΜΣΝ,
420 515 456 575 Ν
464 509 542 591 ΤΞ,
574 508 675 584 ΞΥΟ
709 509 885 594 τριγώνων
916 504 1119 593 ἰσόπλευρόν

100 616 200 681 ἐστιν.
245 616 399 700 εἰλήφθω
422 613 460 682 τὸ
484 613 626 698 κέντρον
648 616 711 681 τοῦ
735 619 913 680 ΕΖΗΘΚ
932 610 1062 680 κύκλου
1084 609 1117 679 τὸ

65 738 80 786 ο
103 725 134 786 Φ
157 733 308 807 σημεῖον·
336 720 392 787 καὶ
420 718 486 787 ἀπὸ
515 723 576 787 τοῦ
603 725 634 786 Φ
660 721 706 809 τῷ
733 722 796 787 τοῦ
822 717 950 789 κύκλου
979 719 1118 808 ἐπιπέδῳ

98 824 181 913 πρὸς
204 825 313 910 ὀρθὰς
336 823 504 893 ἀνεστάτω
528 822 549 911 ή
577 831 661 911 ΦΩ,
685 825 741 892 καὶ
765 824 981 912 ἐκβεβλήσθω
1005 826 1061 894 ἐπὶ
1082 823 1119 893 τά

99 933 194 1019 ἕτερα
222 933 304 1018 μέρη
334 929 421 1018 ώςή
449 938 539 1017 ΦΨ,
568 931 625 999 καὶ
647 928 840 1020 ἀφῃρήσθω
864 930 1039 1017 ἑξαγώνου
1062 930 1120 1018 μὲν

100 1037 120 1125 ή
156 1045 236 1122 ΦΧ,
269 1036 463 1124 δεκαγώνου
491 1037 529 1106 δὲ
557 1037 696 1123 ἑκατέρα
722 1041 792 1107 τών
826 1044 918 1124 ΦΨ,
951 1043 1037 1122 ΧΩ,
1068 1038 1121 1105 καὶ

100 1144 352 1230 ἐπεζεύχθωσαν
385 1147 423 1211 αἱ
443 1149 534 1230 ΠΩ,
567 1151 652 1230 ΠΧ,
688 1150 768 1229 ΨΩ,
802 1150 885 1229 ΕΦ,
918 1150 1003 1228 ΛΦ,
1033 1150 1121 1227 ΛΨ,

49 1268 82 1317 10
108 1257 194 1317 ΨΜ
235 1249 291 1317 καὶ
315 1250 384 1317 ἐπεὶ
407 1251 545 1339 ἑκατέρα
566 1255 636 1319 τών
660 1257 740 1335 ΦΧ,
760 1257 832 1318 ΠΕ
851 1259 898 1343 τῷ
916 1261 978 1318 τοῦ
996 1249 1122 1318 κύκλου

102 1357 245 1444 ἐπιπέδῳ
271 1354 355 1444 πρὸς
382 1353 491 1443 ὀρθάς
520 1359 626 1442 ἐστιν,
656 1356 867 1445 παράλληλος
894 1355 961 1443 ἀρα
985 1357 1078 1424 ἐστὶν
1102 1353 1121 1442 ή

105 1469 176 1530 ΦΧ
194 1467 234 1550 τή
258 1471 336 1531 ΠΕ.
377 1465 442 1531 εέσδ
467 1462 505 1530 δέ
526 1464 582 1531 καὶ
607 1471 691 1531 ἴσαι·
717 1463 774 1532 καὶ
797 1465 834 1530 αἱ
856 1470 939 1550 ΕΦ,
965 1471 1039 1530 ΠΧ
1058 1461 1123 1550 ἀρα

102 1577 173 1636 ἴσαι
199 1594 234 1636 τε
261 1569 316 1636 καὶ
344 1568 556 1656 παράλληλοί
580 1574 675 1640 εἰσιν.
729 1569 899 1655 ἑξαγώνου
928 1569 966 1638 δέ
992 1567 1014 1656 ή
1038 1577 1123 1637 ΕΦ·

103 1674 273 1761 ἑξαγώνου
304 1676 372 1762 ἀρα
405 1677 460 1743 καὶ
491 1673 512 1761 ή
542 1682 635 1743 Hx.
671 1676 728 1744 καὶ
759 1675 830 1767 ἐπεὶ
862 1674 1034 1761 ἑξαγώνου
1062 1678 1124 1763 μέν

51 1798 83 1847 15
96 1785 193 1849 ἐστιν
217 1779 237 1868 ἡ
258 1790 342 1868 ΠΧ,
368 1781 562 1868 δεκαγώνου
587 1782 624 1850 δὲ
646 1779 668 1868 ή
688 1788 770 1867 ΧΩ,
792 1781 848 1849 καὶ
872 1778 962 1867 ὀρθή
987 1783 1081 1850 ἐστιν
1105 1781 1124 1868 ή

104 1886 170 1956 ὑπὸ
191 1893 300 1956 ΠΧΩ
322 1894 445 1975 γωνία,
469 1887 687 1974 πενταγώνου
710 1885 775 1975 ἀρα
795 1887 887 1955 ἐστὶν
909 1884 929 1973 ή
952 1893 1032 1954 ΠΩ.
1069 1887 1124 1955 διά

103 1993 142 2061 τά
167 1993 252 2062 αὐτὰ
277 1994 319 2081 δή
342 1995 440 2080 καδή
469 2000 532 2061 ΨΩ
554 1992 773 2080 πενταγώνου
797 1996 904 2078 ἐστίν,
935 1993 1125 2081 ἐπειδήπερ,

105 2099 164 2166 ἐάν
188 2100 405 2187 ἐπιζεύξωμεν
432 2099 492 2179 τάς
522 2107 610 2186 ΦΧ,
634 2107 668 2166 Χ
673 2109 711 2182 Ψ,
740 2107 810 2167 ἴσαι
840 2101 897 2167 καὶ
919 2095 1124 2169 ἀπεναντίον

105 2209 255 2290 ἔσονται,
283 2212 342 2273 καί
366 2208 455 2274 ἐστιν
483 2204 503 2292 ή
532 2212 602 2274 ΦΚ
627 2209 663 2274 ἐκ
684 2211 746 2275 τοῦ
764 2207 915 2294 ’κέντρου
942 2197 1030 2273 οὖσα
1055 2208 1126 2288 ἓξα-

51 2329 86 2378 20
104 2309 232 2396 γώνου·
264 2312 432 2396 ἑξαγώνου
460 2309 527 2396 ἀρα
554 2312 609 2378 καὶ
637 2309 657 2396 ή
687 2318 721 2377 Χ
726 2320 760 2379 Y.
811 2310 1006 2397 δεκαγώνου
1037 2313 1079 2382 δέ
1106 2312 1126 2400 ή

107 2527 177 2588 ἐστι
200 2520 238 2588 δέ
260 2520 315 2587 καὶ
338 2517 360 2606 ή
383 2528 456 2588 ΠΨ
475 2521 705 2607 πενταγώνου·
735 2522 937 2610 ἰσόπλευρον
964 2521 1031 2610 ἀρα
1057 2527 1127 2594 ἐστὶ

107 2625 144 2694 τὸ
163 2631 271 2694 ΠΥΩ
294 2631 468 2713 τρίγωνον.
506 2626 562 2695 διά
585 2626 625 2694 τὰ
650 2624 734 2696 αάτά
760 2627 801 2714 δή
822 2629 876 2696 καὶ
897 2630 1037 2697 ἕκαστον
1058 2644 1128 2701 τών

107 2726 234 2800 λοιπῶν
257 2731 447 2818 τριγώνων,
479 2724 527 2800 ών
551 2732 666 2819 βάσεις
688 2734 749 2819 μέν
773 2738 860 2801 εἰσιν
883 2738 921 2800 αδ
942 2743 1021 2821 ΠΡ,
1046 2744 1127 2823 ΡΣ,

56 2857 90 2908 25
111 2846 191 2922 ΣΤ,
214 2845 276 2904 ΤΥ
292 2835 437 2923 εὐθεῖαι,
457 2838 589 2926 κορυφή
605 2839 642 2908 δέ
655 2837 693 2907 τὸ
707 2844 740 2906 Ω
755 2853 905 2924 σημεῖον,
920 2840 1129 2930 ἰσόπλευρόν

110 2949 207 3012 ἐστιν.
253 2942 368 3029 πάλιν,
397 2944 465 3012 ἐπεὶ
490 2944 660 3030 ἑξαγώνου
688 2943 792 3031 μὲνὴ
820 2953 902 3030 ΦΛ,
931 2948 1129 3032 δεκαγώνου

181 3198 205 3245 2.
226 3194 353 3260 ΠΛΘρ.
427 3199 451 3247 3.
471 3193 606 3261 τρίγωνον
626 3209 715 3262 comp.
733 3193 761 3247 b.
834 3199 859 3248 4.
879 3195 930 3249 τοῦ
949 3190 1056 3250 κύκλου
1078 3204 1129 3253 τοῦ

111 3264 262 3317 ΕΖΗΘΚ
281 3263 311 3317 V.
391 3268 415 3320 6.
436 3260 501 3335 ἐκβε
522 3266 554 3331 λη
574 3281 600 3332 q.
679 3269 702 3318 7.
723 3267 782 3318 ΨΦ
800 3264 827 3318 b.
905 3270 930 3322 8.
951 3267 1034 3390 ΦΨὲ
1050 3272 1083 3322 Ψ
1100 3270 1131 3324 in

110 3351 164 3387 ras.
183 3352 219 3387 m.
241 3339 255 3386 1
275 3333 305 3387 P.
396 3340 420 3390 9.
440 3337 495 3388 ΛΦ
531 3338 588 3388 ΛΨ
605 3333 640 3400 P,
660 3337 709 3388 ΦΛ
728 3353 753 3402 q.
844 3337 920 3407 ΛΨ]
943 3340 992 3390 ΛΦ
1037 3380 1043 3392 .

112 3410 153 3458 10.
175 3405 255 3475 ΨΜ]
277 3405 305 3458 in
324 3421 387 3472 ras„
407 3406 473 3459 dein
491 3405 554 3460 add.
575 3407 638 3458 ΜΦ
658 3405 695 3467 V;
714 3409 789 3473 ΜΨ,
810 3406 863 3462 del.
884 3414 949 3461 m.1
970 3409 1000 3462 et
1018 3427 1057 3464 m.
1073 3429 1129 3468 rec.

98 3473 131 3532 P.
225 3483 266 3532 11.
289 3473 379 3551 ἐστιν]
401 3493 494 3550 comp.
511 3477 547 3547 b,
567 3473 626 3532 ἐστι
641 3475 758 3545 Pssvq.
841 3483 883 3531 Ω.
904 3480 975 3532 Ante
996 3482 1055 3534 ΦΧ
1073 3482 1129 3539 del.
