2340 3818
88 116 155 181 200
462 117 665 170 2T01xmsm
683 113 734 190 ιγ’.

88 256 306 345 ἀποτμήματα
336 268 398 327 τού
429 256 558 344 κω’νου,
595 253 616 324 ἃ
649 262 741 326 ἔσται
773 257 939 326 ἐλάσσονα
971 260 1034 326 τοῦ
1071 265 1109 324 Ψ

89 366 234 452 στερεοῦ.
294 369 475 450 λελείφθω,
511 363 567 431 καὶ
603 368 687 432 ἔστω
723 361 764 432 τὰ
802 363 856 431 ἐπὶ
886 367 954 432 τῶν
989 369 1107 449 ΘΟΕ,

88 476 206 555 ΕΠΖ,
230 477 343 557 ΖΡΗ,
370 477 485 538 ΗΣΘ·
508 469 607 557 λοιπὴ
632 469 698 559 ἄρα
720 468 741 557 ἡ
761 477 921 559 πυραμίς,
943 461 986 557 ἧς
1007 469 1107 556 βάσις

87 574 125 643 τὸ
150 582 432 643 ΘΟΕΠΖΡΗΣ
458 576 674 662 πολύγωνον,
705 576 793 658 ύψος
821 577 858 644 δὲ
886 574 925 645 τὸ
950 573 1036 644 αύτὸ
1058 579 1102 667 τῶ

52 680 206 775 οκῶνςο,
234 687 354 768 μείζων
382 682 451 749 ἐστὶ
477 685 539 750 τοῦ
561 685 592 760 Ξ
612 686 757 771 στερεοῦ.
802 681 1026 770 ἐγγεγράφθω
1050 682 1104 750 καὶ

88 793 136 868 εἰς
171 787 233 856 τὸν
269 793 403 855 ΑΒΓΔ
437 788 564 856 κύκλον
602 792 663 881 τῶ
685 796 973 857 ΘΟΕΠΖΡΗΣ
1005 797 1104 858 πολυ

87 894 186 986 γῶνςο
215 892 335 980 ὅμοιόν
362 918 397 960 τε
418 893 474 961 καὶ
502 891 625 980 ὁμοίως
654 899 809 985 κείμενον
836 894 1039 981 πολύγωνον
1067 894 1102 963 τὸ

88 1003 378 1082 ΔΤΑΥΒΦΓΧ,
419 999 475 1065 καὶ
511 997 681 1068 ἀνεστάτω
718 998 769 1068 ἐπ’
813 998 918 1068 αύτού
959 1001 1106 1089 πυραμὶς

88 1104 231 1191 ἰσοϋψὴς
258 1109 303 1196 τῶ
331 1111 400 1172 ΑΛ
429 1105 535 1196 κῶνω.
588 1107 659 1174 ἐπεὶ
689 1098 753 1174 ούν
781 1109 872 1175 ἐστιν
899 1104 945 1186 ῶς
970 1106 1008 1176 τὸ
1039 1104 1102 1176 ἀπὸ

36 1232 69 1282 10
87 1218 147 1300 τῆς
160 1222 193 1280 A
199 1218 232 1279 Γ
244 1210 328 1301 πρὸς
345 1211 383 1280 τὸ
399 1210 463 1280 ἀπὸ
478 1216 538 1299 τῆς
552 1220 635 1299 ΕΗ,
656 1209 763 1294 οὕτως
775 1217 813 1282 τὸ
830 1220 1107 1282 ΔΤΑΥΒΦΓΧ

86 1318 286 1405 πολύγωνον
310 1317 392 1407 πρὸς
410 1318 448 1388 τὸ
468 1326 753 1387 ΘΟΕΠΖΡΗΣ
767 1320 978 1406 πολύγωνον,
1002 1317 1049 1400 ῶς
1067 1319 1104 1387 δὲ

85 1423 124 1494 τὸ
163 1422 227 1491 ἀπὸ
260 1424 318 1511 τῆς
350 1431 419 1492 ΑΓ
446 1422 529 1513 πρὸς
561 1423 598 1493 τὸ
632 1422 697 1493 ἀπὸ
729 1429 789 1512 τῆς
822 1433 907 1510 ΕΗ,
944 1424 1053 1506 οὕτως
1085 1423 1103 1494 ὁ

86 1536 220 1598 ΑΒΓΔ
241 1530 363 1610 κύκλος
384 1531 468 1616 πρὸς
490 1530 552 1598 τὸν
570 1538 706 1599 ΕΖΗΘ
728 1531 869 1616 κύκλον,
890 1521 946 1598 καὶ
970 1529 1016 1610 ῶς
1039 1529 1103 1619 ἄρα

88 1634 106 1704 ὁ
131 1642 263 1704 ΑΒΓΔ
285 1636 407 1715 κύκλος
429 1635 513 1722 πρὸς
536 1635 596 1704 τὸν
615 1644 751 1705 ΕΖΗΘ
773 1636 910 1724 κύκλον,
934 1637 1043 1718 οὕτως
1064 1635 1103 1706 τὸ

34 1759 68 1809 16
88 1749 367 1811 ΔΤΑΥΒΦΓΧ
399 1742 601 1828 πολύγωνον
636 1742 721 1830 πρὸς
756 1744 793 1811 τὸ
825 1750 1109 1812 ΘΟΕΠΖΡΗΣ

86 1848 296 1935 πολύγωνον.
334 1845 378 1927 ῶς
401 1848 439 1916 δὲ
458 1846 476 1916 (ἵ
491 1854 626 1916 ΑΒΓΔ
637 1849 768 1928 ’κύκλος
786 1848 870 1936 πρὸς
887 1848 948 1917 τὸν
966 1856 1105 1918 ΕΖΗΘ

85 1955 227 2040 κύκλον,
256 1956 362 2035 οὕτως
389 1952 407 2023 ὁ
431 1962 501 2022 ΑΛ
527 1960 636 2036 κῶνος
658 1954 742 2041 πρὸς
765 1953 803 2022 τδ
827 1958 858 2032 Ξ
878 1954 1032 2043 στερεόν,
1060 1955 1105 2037 ῶς

87 2062 125 2130 δὲ
146 2087 184 2129 πο
204 2067 455 2129 ΔΤΑΥΒΦΓΧ
475 2060 677 2148 πολύγωνον
698 2059 782 2150 πρὸς
799 2059 837 2129 τὸ
856 2067 1107 2130 ΘΟΕΠΖΡΗΣ

85 2167 301 2253 πολύγωνον,
343 2168 448 2248 οὕτως
489 2165 510 2255 ἡ
552 2173 711 2256 πυραμίς,
751 2160 796 2254 ἧς.
827 2166 926 2253 βάσις
961 2168 1024 2255 μὲν
1065 2167 1103 2237 τὸ

33 2290 68 2339 20
88 2279 368 2341 ΔΤΑΥΒΦΓΧ
386 2273 598 2360 πολύγωνον,
621 2273 752 2362 κορυφὴ
778 2273 816 2341 δὲ
838 2273 876 2341 τὸ
897 2281 928 2342 Λ
952 2289 1103 2361 σημεῖον,

85 2377 169 2467 πρὸς
190 2377 253 2464 τὴν
275 2382 460 2465 πυραμίδα,
487 2371 527 2464 ἧς
554 2378 652 2464 βάσις
677 2379 739 2466 μὲν
761 2379 799 2447 τὸ
824 2386 1106 2448 ΘΟΕΠΖΡΗΣ

85 2484 297 2570 πολύγωνον,
320 2482 452 2569 κορυφὴ
477 2483 515 2550 δὲ
536 2482 574 2552 τὸ
599 2493 639 2552 Ν
658 2499 805 2572 σημεῖον.
845 2487 903 2554 καὶ
925 2484 970 2567 ῶς
993 2482 1102 2575 ἅραὸ

86 2599 149 2658 ΑΔ
172 2593 281 2669 κῶνος
303 2587 387 2678 πρὸς
408 2587 446 2657 τὸ
471 2591 502 2666 Ξ
522 2593 675 2679 στερεόν,
703 2593 809 2672 οὕτως
831 2591 852 2678 ἡ
875 2597 1037 2680 πυραμίς,
1065 2584 1104 2679 ἦς

85 2697 184 2783 βάσις
211 2696 274 2783 μὲν
300 2692 338 2764 τὸ
363 2703 642 2765 ΔΤΑΥΒΦΓΧ
665 2699 880 2785 πολύγωνον,
906 2699 1042 2787 κορυφὴ
1066 2698 1103 2767 δὲ

32 2820 66 2868 25
85 2805 123 2870 τὸ
148 2808 180 2868 Λ
203 2815 357 2888 σημεῖον,
384 2801 469 2890 πρὸς
495 2801 558 2889 τὴν
580 2809 766 2892 πυραμίδα,
794 2797 835 2891 ἧς
857 2804 955 2890 βάσις
978 2805 1041 2892 μὲν
1064 2804 1101 2874 τὸ

85 2914 367 2976 ΘΟΕΠΖΡΗΣ
386 2907 598 2994 πολύγωνον,
621 2909 754 3000 κορυφὴ
779 2910 816 2979 δὲ
836 2911 875 2979 τὸ
894 2918 933 2978 Ν
948 2927 1104 2999 σημεῖον·

86 3014 227 3096 ἐναλλὰξ
250 3015 316 3099 ἄρα
339 3015 431 3083 ἐστὶν
454 3012 500 3094 ῶς
523 3013 541 3083 ὁ
560 3023 629 3083 ΑΛ
646 3020 755 3096 κῶνος
772 3015 856 3105 πρὸς
873 3015 936 3103 τὴν
955 3019 993 3085 ἐν
1012 3016 1102 3110 αύτῷ

85 3125 272 3207 πυραμίδα,
302 3120 407 3201 οὕτως
434 3121 471 3190 τὸ
496 3124 526 3198 Ξ
547 3121 683 3211 στερεὸν
709 3120 793 3211 πρὸς
814 3121 878 3209 τὴν
902 3123 938 3190 ἐν
961 3135 1008 3215 τῷ
1033 3129 1106 3192 ΕΝ

158 3306 182 3352 1,
203 3296 293 3369 ἔσται]
315 3293 390 3352 ἐστιν
409 3299 440 3352 Ρ.
518 3306 542 3354 2.
563 3300 662 3370 ΘΟΕ]
682 3316 697 3354 e
716 3317 786 3356 corr.
806 3318 832 3369 q.
912 3305 937 3355 3.
951 3297 1052 3355 λοιπόν
1071 3299 1102 3354 Ρ.

156 3377 181 3425 4.
203 3371 411 3424 οοΕατΡΗΣ
427 3369 490 3434 ΡΒ,
511 3373 748 3426 οΕΠκΡΗΣο
766 3370 799 3427 v.
882 3375 907 3426 ε.
927 3373 1023 3441 μονον
1043 3370 1101 3440 Vq,

86 3442 115 3496 et
133 3440 165 3510 B,
184 3440 232 3496 sed
251 3457 320 3496 corr.
377 3436 496 3496 ἔστίνΡ.
559 3448 583 3496 6.
605 3442 934 3512 ΟΘΕΠΖΡΗΣΡΒρ
953 3444 1100 3498 eteoorr.
