2340 3818
48 3138 82 3187 3⁷

92 128 158 192 386
486 129 668 179 ΑΡΡΕαοοι
686 128 721 177 11.
847 175 849 179 ,

93 277 172 353 ίσην
202 265 289 336 εἶναι
318 267 381 353 τὴν
409 267 470 354 μὲν
498 265 563 335 ὑπὸ
592 270 661 334 τῶν
684 273 767 350 ΘΔ,
795 273 864 333 ΔΕ
889 275 929 352 τῇ
954 261 1021 332 ὑπὸ
1042 274 1101 331 τῶν

93 380 180 458 NA,
210 380 301 459 AM,
328 372 390 460 τὴν
419 373 457 441 M
484 371 550 440 ὑπὸ
578 383 646 440 τῶν
670 379 752 456 ΘΔ,
782 378 860 439 ΔΗ
881 382 921 460 τῇ
950 369 1016 438 ὑπὸ
1043 380 1102 438 τοῖν

93 487 181 565 ΝΛ,
206 483 283 565 AE,
307 478 369 565 τὴν
388 479 425 547 M
443 476 509 546 ὑπὸ
529 489 597 546 τῶν
611 485 700 564 HA,
721 486 791 545 AE
806 482 846 567 τῇ
865 476 932 546 ὑπὸ
951 489 1020 546 τῶν
1037 480 1102 560 EA,

95 593 184 669 AM,
212 585 268 651 καὶ
295 591 420 652 κείσθω
448 588 487 672 τῇ
516 591 544 650 Β
573 591 628 670 λση
657 584 794 671 ἑκατέρα
824 594 893 652 τῶν
920 586 1000 668 EA,
1031 589 1102 669 AO,

94 694 148 759 καὶ
174 691 473 778 συμπεπληρώσθω
502 686 539 757 τὸ
564 696 639 757 ΛΠ
659 691 803 778 στερεόν.
848 691 904 757 καὶ
929 693 1003 759 ἐπεί
1022 693 1103 758 ἐστιν

94 794 140 876 ὡς
163 794 183 881 ἡ
209 805 240 863 A
262 795 346 882 πρὸς
368 795 429 881 τὴν
452 802 492 874 Β,
517 793 623 875 οὕτως
645 793 666 881 ἡ
689 803 717 864 Β
741 794 825 883 πρὸς
846 795 910 883 τὴν
933 803 973 883 Γ,
997 806 1050 884 ίση
1073 797 1105 865 M

94 900 115 988 ἡ
147 902 207 989 μὲν
231 910 263 969 A
286 906 325 989 τῇ
350 908 432 984 ΔΕ,
460 897 480 985 ἡ
511 900 550 968 M
572 908 601 967 Β
625 902 762 992 ἑκατέρῳ
785 906 853 970 τῶν
875 905 955 988 EA,
985 903 1105 988 Λο,ἡ

96 1009 133 1077 M
157 1010 246 1095 Γιῇ
267 1013 348 1091 ΔΘ,
372 1004 416 1086 ὡς
440 1004 506 1093 ι’ίρα
530 1004 550 1092 ἡ
573 1014 643 1073 ΛΕ
663 1006 747 1094 πρὸς
765 1013 858 1094 ΜΛ,
883 1006 1105 1095 οὕτωςὴΟΛ

95 1113 178 1201 πρὸς
208 1112 270 1199 τὴν
299 1120 375 1182 ΔΘ.
424 1113 479 1179 καὶ
506 1114 583 1200 περὶ
611 1121 686 1193 ίσας
712 1120 837 1199 γωνίας
864 1113 923 1194 τὰς
951 1114 1017 1183 ὑπὸ
1044 1120 1105 1183 τῶν

96 1229 178 1305 ΘΔ,
200 1226 282 1305 ΔΕ,
304 1225 383 1305 ΟΛ,
403 1225 483 1286 AM
497 1222 534 1285 αί
550 1221 690 1306 πλευραὶ
708 1218 1015 1298 ἀντιπεπόνθασιν
1038 1230 1105 1289 ἴσον

96 1324 163 1410 ἄρα
187 1325 256 1393 ἐστὶ
278 1323 315 1391 τὸ
342 1331 423 1410 ΛΘ,
447 1331 511 1391 A?
529 1324 879 1414 παραλληλόγραμμον
902 1331 948 1419 τῷ
973 1333 1106 1394 ΟΛΜΣ.

96 1432 152 1497 καὶ
176 1431 245 1497 ἐπεὶ
273 1439 343 1496 ίσαι
365 1435 485 1515 γωνίαι
509 1432 662 1498 ἐπίπεδοί
682 1434 768 1498 είσιν
792 1433 830 1498 αί
850 1429 916 1500 ὖπὸ
939 1437 1009 1501 τῶν
1031 1441 1105 1518 ΘΔ,

98 1543 180 1620 AE,
206 1542 285 1622 ΟΛ,
310 1543 399 1621 AM,
424 1536 476 1604 ἐπὶ
500 1535 537 1604 M
554 1541 623 1604 τῶν
642 1540 803 1624 κορυφῶν
822 1535 936 1606 αὐτῶν
955 1540 1106 1627 μετέωροι

97 1642 245 1729 γραμμαὶ
274 1644 452 1728 ἐφεστᾶσιν
480 1645 517 1708 αί
547 1649 635 1727 ΗΔ,
664 1638 846 1728 ΞΛ,’ίσας
871 1651 999 1729 γωνίας
1025 1668 1106 1730 περι-

99 1749 211 1835 έχουσι
233 1747 296 1833 τὴν
319 1747 381 1834 μὲν
404 1747 469 1816 ὑπὸ
493 1750 561 1816 τῶν
581 1755 662 1833 ΘΛ,
688 1755 768 1816 ΔΗ
784 1753 824 1837 τῇ
848 1747 914 1818 ὑπὸ
939 1756 1009 1820 τῶν
1034 1757 1106 1834 OA,

98 1857 176 1939 AE,
208 1853 271 1940 τὴν
300 1854 337 1922 M
364 1852 429 1921 ὑπὸ
457 1858 526 1921 τῶν
554 1861 644 1939 HA,
677 1862 750 1922 ΔΕ
776 1860 816 1944 τῇ
845 1854 911 1925 ὑπὸ
939 1869 1007 1925 τῶν
1037 1861 1106 1942 EA,

98 1967 190 2044 AM,
213 1961 268 2026 καὶ
292 1959 505 2048 ἀφῃρημέναι
529 1959 615 2027 εἰσὶν
638 1967 707 2026 ίσαι
727 1958 857 2028 εὐθεῖαι
877 1966 914 2028 αἱ
929 1969 1016 2048 HA,
1040 1966 1107 2047 EA,

99 2071 136 2132 αί
165 2065 231 2153 ἄρα
258 2063 323 2133 ἀπὸ
351 2076 420 2133 τῶν
449 2072 497 2150 H,
530 2068 560 2141 E
586 2065 639 2133 ἐπὶ
666 2065 705 2133 τὰ
735 2066 790 2134 διὰ
818 2072 887 2135 τῶν
915 2075 998 2154 ΘΔ,
1032 2076 1106 2151 ΔΒ,

99 2180 174 2254 OA,
199 2179 279 2238 AM
298 2175 435 2239 ἐπίπεδα
457 2170 595 2239 κάθετοι
618 2169 781 2258 ἀγόμεναι
801 2181 870 2240 ίσαι
890 2179 1034 2244 ἔσονται.
1074 2173 1107 2242 τὰ

98 2277 135 2344 M
169 2276 222 2344 ἐπὶ
254 2286 337 2345 ίσων
369 2277 503 2362 βάσεων
532 2278 614 2345 ὄντα
648 2280 763 2366 στερεὰ
790 2285 1108 2365 παραλληλεπίπεδα,

98 2375 147 2450 ὦν
171 2381 211 2448 τὰ
234 2380 303 2468 ὕψη
329 2391 384 2450 ίσα
408 2386 487 2468 ἐστί,
512 2391 568 2450 ίσα
592 2384 682 2451 ε’στλν
703 2387 821 2452 ἐκεῖνα.
864 2391 939 2452 ἴσον
960 2384 1027 2472 ἄρα
1046 2385 1109 2454 ε’σιλ

97 2488 135 2556 τὸ
165 2495 238 2555 ΛΚ
263 2493 416 2580 τ’ῳΛΠ.
460 2495 519 2557 καί
544 2493 612 2558 ἐστι
639 2490 678 2558 τὸ
706 2490 767 2577 μὲν
792 2497 865 2557 ΔΚ
888 2490 926 2557 τὸ
955 2490 1023 2560 ὑπὸ
1048 2497 1110 2561 τῶν

99 2604 145 2677 A,
169 2601 213 2680 Β,
237 2600 275 2680 Γ,
298 2594 336 2663 τὸ
361 2595 398 2662 M
417 2602 491 2663 ΛΠ
510 2594 547 2664 τὸ
572 2593 636 2664 ἀπὸ
659 2602 717 2684 τῆς
735 2605 773 2663 Β.
810 2595 846 2665 τὸ
871 2596 936 2684 ἄρα
961 2596 1028 2666 ὑπὸ
1048 2603 1111 2667 τῶν

100 2710 145 2785 Α,
170 2709 213 2787 Β,
237 2706 269 2768 Γ
286 2701 523 2788 περιεχόμενον
547 2701 683 2791 στερεὸν
707 2712 782 2771 ίσον
807 2705 875 2771 ε’στὶ
898 2708 944 2795 τῷ
969 2701 1035 2772 ἀπὸ
1059 2709 1113 2792 τῆς

99 2815 126 2873 Β
157 2812 278 2898 στερεῷ
308 2806 494 2897 ἰσοπλεύρῳ
523 2811 601 2893 με’ν,
630 2813 796 2899 ἰσογωνίῳ
825 2809 862 2877 M
890 2820 936 2900 τῳ
961 2835 1114 2898 προειρη-

99 2914 202 3003 μένῳ·
226 2912 306 3000 ὅπερ
331 2918 398 2980 ἔδει
423 2915 535 2993 δεῖξαι.

578 3108 641 3190 λζ’.

164 3223 249 3295 Ἐὰν
283 3221 365 3297 αἷσιν
399 3228 646 3316 ὁσαιδηποτοῦν
670 3233 810 3301 ἐὐθεῖαι
838 3231 1028 3321 ἀνάλογον,
1063 3236 1117 3302 καὶ

99 3333 140 3400 τὰ
164 3331 219 3400 ἀπ’
247 3332 358 3403 αὐτῶν
383 3334 481 3422 ὅμοια
504 3338 559 3404 καλ
588 3337 711 3423 ὁμοίως
733 3346 868 3426 κείμενα
893 3340 1009 3426 στερεὰ
1034 3365 1118 3426 παρ-

99 3445 344 3528 αλληλεπίπεδα
368 3440 537 3530 ἀνάλογον
561 3449 661 3512 ἔσται.
702 3447 758 3512 καὶ
782 3444 840 3514 ἐὰν
864 3445 903 3514 τὰ
924 3444 980 3514 ἀπ’
1001 3444 1119 3516 αὐτῶν
