2340 3818
333 146 610 198 murmnrouun
627 149 736 199 umus
753 149 815 200 ΧΠ.
1014 148 1078 215 195

62 286 259 370 quadratum
277 290 427 372 ΑΒΓΔ,
450 292 563 353 uertex
585 293 694 354 autem
713 290 799 354 idem
818 313 856 357 ae
874 294 956 377 coni,
975 296 1078 361 maior

65 395 117 456 est
131 414 230 476 quam
246 393 413 458 dimidium
428 394 511 459 coni.
543 395 609 458 iam
628 416 721 460 arcus
736 398 815 479 AB,
832 399 903 480 ΒΓ,
922 401 996 482 ΓΔ,
1012 406 1078 465 ΔΑ

64 497 97 561 iu
110 499 242 581 punctis
256 503 300 584 E,
320 503 360 584 Z,
378 502 427 582 H,
445 503 473 563 Θ
487 501 522 564 in
537 500 615 565 duas
630 506 740 584 partes
755 502 905 586 aequales
921 508 1077 592 secentur,

61 607 96 669 et
116 604 274 670 ducantur
291 611 372 689 ΑΕ,
395 609 475 688 ΕΒ,
498 610 574 691 ΒΖ,
597 610 669 690 ΖΓ,
691 609 774 692 ΓΗ,
797 612 882 693 ΗΔ,
905 614 984 694 ΔΘ,
1008 615 1077 678 ΘΑ.

59 709 173 793 itaque
204 711 327 798 singuli
357 713 515 798 trianguli
546 717 663 792 ΑΕΒ,
695 716 799 799 ΒΖΓ,
829 717 947 799 ΓΗΔ,
977 721 1077 781 ΔΘΑ

59 817 203 882 maiores
214 822 396 902 suntquam
406 819 573 884 dimidium
583 825 822 904 segmentorum
832 823 944 887 circuli
952 826 1077 888 ΑΒΓΔ

60 923 102 987 ad
118 945 173 988 eos
187 925 420 1010 pertinentium
436 927 480 1008 [p.
492 926 564 1008 142,
575 927 641 1008 22].
666 927 888 1012 etinsingulis
898 930 1075 1013 triangulis

59 1034 176 1115 ΑΕΒ,
206 1034 315 1110 ΒΖΓ,
346 1035 468 1113 ΓΗΔ,
496 1037 600 1097 ΔΘΑ
627 1033 812 1117 pyramides
845 1039 1076 1100 construantur

59 1137 198 1202 eundem
221 1139 375 1204 uerticem
391 1138 563 1222 habentes,
586 1160 682 1223 quem
701 1161 809 1205 conus.
845 1141 956 1226 itaque
976 1144 1075 1207 etiam

59 1243 208 1328 singulae
222 1245 414 1329 pyramides,
428 1267 508 1328 quas
523 1247 778 1330 construximus,
789 1246 901 1311 eadem
915 1249 1041 1314 ratione
1048 1246 1073 1333 ¹)

57 1350 200 1414 maiores
228 1355 304 1416 sunt
330 1373 428 1435 quam
460 1351 629 1416 dimidium
662 1355 902 1436 segmentorum
931 1356 1004 1418 coni
1032 1355 1073 1419 ad

57 1476 114 1519 eas
147 1458 387 1540 pertinentium.
442 1458 469 1521 si
501 1458 603 1542 igitur
635 1479 728 1521 arcus
760 1458 904 1542 reliquos
931 1460 965 1522 in
993 1461 1072 1526 duas

57 1565 167 1646 partes
191 1563 341 1647 aequales
365 1564 558 1628 secuerimus
589 1567 621 1627 et
642 1567 749 1628 rectas
773 1564 958 1630 duxerimus
982 1569 1015 1631 et
1037 1569 1073 1632 in

63 1667 197 1752 singulis
225 1670 400 1756 triangulis
427 1669 610 1754 pyramides
638 1671 913 1736 construxerimus
936 1671 1073 1736 eundem

60 1774 215 1839 uerticem
235 1774 404 1860 habentes,
428 1797 523 1859 quem
546 1795 655 1859 conus,
679 1778 712 1838 et
728 1774 792 1840 hoe
810 1797 938 1859 semper
960 1777 1072 1844 feeeri-

55 1901 154 1963 mus,
173 1879 279 1947 frusta
303 1882 461 1966 quaedam
484 1882 556 1946 coni
578 1881 814 1966 relinquemus,
842 1903 923 1965 quae
946 1884 1072 1950 minora

54 1989 153 2050 erunt
177 2007 319 2072 excessu,
342 2009 405 2071 quo
430 2008 530 2052 conus
552 1987 686 2052 tertiam
709 1991 837 2070 partem
860 1988 999 2072 cylindri
1019 2013 1070 2055 ex·

55 2092 143 2158 eadit
173 2093 232 2178 [X,
256 2095 300 2175 1].
346 2094 571 2178 relinquantur
598 2097 631 2158 et
659 2093 725 2157 sint
748 2114 800 2177 ea,
829 2095 968 2177 quaein
991 2100 1071 2181 AE,

53 2204 133 2285 ΕΒ,
152 2205 228 2284 ΒΖ,
247 2203 315 2284 ΖΓ,
333 2202 413 2284 ΓΗ,
433 2203 519 2281 ΗΔ,
538 2203 619 2283 ΔΘ,
638 2203 704 2264 ΘΑ
721 2199 830 2284 posita
849 2205 934 2265 sunt.
960 2202 1070 2284 itaque

54 2329 138 2390 quae
161 2307 357 2391 relinquitur
379 2307 537 2391 pyramis,
566 2298 656 2371 cuius
685 2307 773 2371 basis
798 2311 848 2372 est
869 2308 1070 2394 polygonum

53 2414 344 2497 ΑΕΒΖΓΗΔΘ,
367 2415 480 2477 uertex
503 2416 613 2476 autem
630 2412 717 2477 idem
736 2434 774 2476 ae
792 2413 875 2496 eoni,
897 2414 1003 2479 maior
1021 2419 1071 2480 est

53 2519 154 2583 tertia
176 2524 268 2602 parte
292 2518 439 2604 cylindri.
481 2540 594 2584 uerum
617 2519 771 2603 pyramis,
794 2518 884 2583 cuins
907 2520 996 2585 basis
1020 2525 1071 2586 est

53 2626 254 2710 polygonum
268 2626 563 2710 ΑΕΒΖΓΗΔΘ,
581 2619 693 2689 uertex
712 2629 820 2689 autem
834 2623 921 2688 idem
936 2647 973 2691 ac
987 2627 1071 2711 coni,

53 2731 153 2795 tertia
178 2753 255 2814 pars
279 2735 329 2795 est
351 2731 535 2816 prismatis,
563 2732 653 2796 cuius
680 2731 769 2795 basis
797 2733 846 2794 est
868 2731 1069 2818 polygonum

52 2839 350 2921 ΑΕΒΖΓΗΔΘ,
387 2837 528 2903 altitudo
565 2841 673 2903 autem
707 2836 819 2902 eadem
852 2857 890 2902 ae
922 2838 1068 2921 cylindri.

126 3066 153 3134 1)
182 3064 225 3119 Se.
249 3082 282 3120 ae
305 3081 391 3134 supra
412 3083 439 3134 p.
461 3070 525 3132 192,
546 3071 630 3133 12sq.
653 3065 682 3120 in
710 3066 915 3135 pyramidibus,
944 3083 1016 3134 quae
1038 3065 1069 3120 iu

56 3136 198 3202 quadratis
217 3138 395 3191 constructae
414 3137 503 3191 erunt.

692 3265 746 3272 ——-

49 3333 367 3401 eorr.exBuequ.
423 3327 637 3402 22.i‘q]om.q.
680 3333 961 3399 ‚eurnssrHAe
980 3331 1013 3386 V.

48 3407 92 3458 26.
114 3398 190 3458 ἐστιν
209 3401 240 3460 Β.
300 3403 547 3474 ΑΕΒΖΓΗΔΘ]
572 3407 593 3456 Ζ
611 3420 696 3473 supra
714 3419 765 3457 scr.
785 3420 821 3456 m.
841 3401 905 3458 Π.
964 3408 1007 3458 27.
1021 3399 1066 3474 τό]

47 3473 240 3530 uiuraem.
260 3472 318 3528 ΖΒ.
392 3469 553 3544 τόἅρα-
573 3493 600 3545 p.
621 3481 680 3544 196,
699 3473 1027 3547 &souvdqqlernu

868 3558 927 3618 ΥΒ*
