2340 3818
62 113 126 177 1ῖο
325 124 329 133 ·
431 111 633 163 §.Tomos
651 107 701 180 ιμ’.

115 252 290 321 Ἔστωσαν
304 250 370 320 ὑπὸ
384 251 422 320 τὸ
442 251 523 321 αὐτὸ
544 250 630 333 ὕψος
647 256 846 338 πυραμίδες,
866 242 917 320 οἷν
931 252 993 335 [αλ]
1008 247 1066 335 βά-
1164 244 1168 259 ’

59 380 128 441 σεις
150 361 212 447 μὲν
235 359 274 427 τά
298 365 485 444 ΑΒΓΔΕ,
514 366 689 426 ΖΗΘΚΛ
711 357 905 445 πολύγωνα,
927 354 1069 445 κορυφαὶ
1154 374 1169 415 υ

59 467 96 535 δὲ
118 466 158 533 τὰ
182 474 236 549 Μ,
260 474 299 534 Ν
318 480 452 553 σημεῖα·
475 468 576 552 λέγω,
604 464 656 534 ὅτι
679 465 771 533 ἐστίν
794 462 839 546 ὡς
860 462 882 551 ή
907 466 1074 532 ΑΒΓΔΕ
1158 514 1160 521 -

57 573 153 660 βάσις
176 573 259 662 πρὸς
281 573 343 661 τήν
363 578 537 640 ΖΗΘΚΛ
555 570 668 657 βάσιν,
692 569 800 651 οὕτως
817 569 838 659 ή
858 571 1080 640 ΑΒΓΔΕΜ

23 682 202 767 οπυραμλς
225 679 308 768 πρὸς
330 678 393 765 τήν
417 685 636 747 ΖΗΘΚΛΝ
655 682 837 766 πυραμίδα.

122 785 393 873 Ἐπεζεύχθωσαν
415 784 481 872 γάρ
504 788 542 853 αἱ
562 792 638 871 ΑΓ,
666 793 752 870 ΑΔ,
781 791 857 869 ΖΘ,
889 790 962 852 ΖΚ.
1001 781 1076 852 ἐπεὶ

59 888 122 963 οὖν
146 895 209 962 δύο
233 897 417 979 πυραμίδες
439 893 525 960 είσλν
548 895 586 959 αί
607 897 764 976 ΑΒΓΜ,
787 897 940 958 ΑΓΔΜ
955 887 1078 977 τρινά-

57 1028 138 1081 νους
170 1006 306 1086 ἔχουσαι
338 998 452 1085 βάσεις
483 999 539 1066 καλ
570 998 658 1077 ῧυος
690 1006 782 1084 ίσον,
813 996 900 1085 πρὸς
929 994 1081 1084 άλλήλας

57 1109 144 1174 είσλν
167 1105 212 1184 ὡς
236 1108 273 1172 αί
293 1105 418 1191 βάσεις·
442 1111 533 1173 ἔστιν
556 1104 623 1192 ἄρα
645 1101 692 1183 ὡς
712 1101 734 1190 ή
754 1111 857 1173 ΑΒΓ
875 1103 974 1190 βάσις
989 1100 1082 1191 πρὸς

6 1230 38 1279 10
56 1211 118 1298 τήν
142 1218 241 1279 ΑΓΔ
263 1211 375 1298 βάσιν,
398 1213 505 1291 οὕτως
528 1209 549 1297 ή
569 1216 720 1279 ΑΒΓΜ
736 1210 883 1296 πυραμίς
904 1208 988 1299 πρὸς
1008 1206 1082 1295 τήν

57 1322 205 1385 ΑΓΔΜ
222 1322 401 1406 πυραμίδα.
442 1319 497 1385 καὶ
522 1318 683 1385 συνθέντι
706 1315 752 1398 ὡς
773 1314 795 1404 ή
815 1323 951 1385 ΑΒΓΔ
976 1314 1085 1401 βάσις

56 1421 140 1509 πρὸς
168 1423 230 1511 τὴν
258 1431 356 1493 ΑΓΔ
383 1423 501 1510 βάσιν,
535 1423 641 1504 οὕτως
668 1420 689 1511 ή
718 1429 906 1492 ΑΒΓΔΜ
928 1420 1087 1510 πυραμίς

56 1527 140 1618 πρὸς
167 1531 228 1618 τήν
255 1537 404 1599 ΑΓΔΜ
425 1535 606 1619 πυραμίδα.
656 1528 740 1598 άλλά
767 1530 823 1598 καλ
851 1527 898 1608 ὡς
923 1527 945 1616 ή
973 1526 1093 1596 ΑΓΔ

58 1635 156 1721 βάσις
178 1634 262 1723 πρὸς
283 1636 348 1725 τήν
370 1645 477 1705 ΑΔΕ
496 1636 609 1723 βάσιν,
633 1633 740 1715 οὕτως
762 1633 783 1722 ή
807 1641 953 1703 ΑΓΔΜ
969 1657 1104 1721 πυριν

8 1761 39 1809 15
59 1743 113 1828 μὶς
137 1741 219 1829 πρὸς
242 1743 304 1832 τήν
327 1751 482 1811 ΑΔΕΜ
500 1746 680 1830 πυραμίδα.
721 1737 767 1808 δι’
793 1748 870 1809 ίσου
893 1739 960 1828 ἄρα
983 1737 1026 1821 ὡς
1045 1728 1102 1818 ἦ

58 1856 193 1917 ΑΒΓΔ
207 1849 475 1940 flammam
491 1848 721 1935 ΑΛιιβισιι,
738 1833 1121 1934 οὕτωςὴΑεΓΛια

57 1956 202 2042 πυραμὶς
229 1955 313 2044 πρὸς
340 1955 403 2043 τήν
426 1962 578 2023 ΑΔΕΜ
600 1957 781 2042 πυραμίδα.
826 1952 882 2020 καλ
910 1954 1121 2021 συνθέντι

56 2061 168 2146 πάλιν,
197 2060 241 2141 ὡς
268 2060 289 2148 ή
317 2068 489 2130 ΑΒΓΔΕ
513 2061 611 2148 βάσις
637 2059 721 2147 πρὸς
747 2059 810 2148 τήν
832 2067 936 2128 ΑΔΕ
961 2059 1072 2146 βάσιν
1089 2088 1129 2131 5

58 2163 163 2245 οὕτως
185 2165 206 2253 ή
226 2175 440 2236 ΑΒΓΔΕΜ
453 2168 598 2257 πυραμίς
616 2165 701 2252 πρὸς
718 2165 780 2253 τήν
798 2172 956 2233 ΑΔΕΜ
968 2184 1133 2252 πυρα]

5 2291 38 2340 20
57 2277 147 2359 μίδα.
189 2270 312 2359 ὁμοίως
335 2271 376 2360 δή
402 2272 624 2362 δειχθήσεται,
649 2271 700 2341 ὅτι
722 2273 778 2341 καὶ
797 2270 842 2353 ὡς
860 2269 882 2359 ή
901 2251 1141 2340 ZHOW

56 2380 152 2464 βάσις
174 2378 258 2466 πρὸς
280 2378 343 2464 τήν
362 2386 462 2447 ΖΗΘ
485 2380 597 2466 βάσιν,
622 2378 728 2459 οὕτως
746 2380 801 2447 καλ
821 2377 841 2466 ή
861 2354 1147 2447 ZHOKAIVT

56 2485 201 2572 πυραμὶς
229 2482 312 2573 πρὸς
339 2483 400 2570 τήν
429 2490 572 2554 ΖΗΘΝ
595 2489 775 2573 πυραμίδα.
824 2485 882 2553 καί
909 2485 980 2554 ἐπεὶ
1009 2480 1152 2553 δάῤ

55 2595 239 2679 πυραμίδες
258 2592 343 2658 είσλυ
358 2595 395 2658 αι’
406 2599 567 2677 ΑΔΕΜ,
582 2599 726 2660 ΖΗΘΝ
735 2591 921 2681 τριγώνους
935 2596 1134 2679 ἔχουσαν
1149 2586 1158 2626 ⁶

129 2812 151 2859 1.
168 2802 211 2876 αλ]
227 2806 316 2861 deleo,
371 2796 410 2858 ὧν
423 2837 453 2844 -
466 2813 489 2858 2.
501 2804 641 2889 κορυφαί]
657 2801 837 2872 πολυγώνους
848 2801 965 2874 ἔχουσαι
994 2791 1160 2867 &aad

57 2874 107 2938 τάς
121 2879 277 2944 ΑΒΓΔΕ,
293 2877 450 2945 ΖΗΘΚΛ,
465 2895 595 2944 ιιορυφας
609 2875 705 2929 Theon
720 2874 820 2943 (Bvq).
879 2880 902 2930 6.
919 2871 970 2931 ἕπε
988 2873 1157 2945 εάχθκί·

57 2978 90 2987 -
112 2953 152 3003 10.
174 2943 268 3020 βάσιν]
289 2942 435 3017 διῃρήσθω
454 2943 508 3015 γάρ
527 2944 544 3014 ή
560 2943 612 3015 μὲν
626 2949 763 3000 ΑΒΓΔΕ
783 2940 863 3018 βάσις
878 2944 918 3008 είς
931 2943 967 3001 τὰ
982 2950 1154 3015 ΑΒΓῤ

56 3022 149 3087 ΛΓΔ,
168 3021 253 3072 ΑΕΔ
271 3019 401 3086 τρίγωνα,
420 3012 437 3085 ή
458 3014 489 3071 δὲ
506 3019 651 3071 ΖΗΘΚΛ
665 3019 710 3087 (Ν
721 3033 791 3072 eras.
807 3017 842 3085 V)
861 3016 902 3081 είς
919 3013 955 3071 τά
970 3018 1149 3087 2110ae

57 3090 152 3157 ΖΘΚ,
173 3092 252 3143 ΖΚΛ
270 3091 405 3158 τρίγωνα,
426 3089 474 3142 καλ
493 3085 697 3155 νενοήσθωσαν
716 3082 771 3156 ἄρ’
793 3083 913 3143 ἑκάστου
932 3082 1144 3158 vomitos

56 3161 212 3230 πυραμίδες
236 3159 363 3229 ίσουψεῖς
386 3161 452 3227 (εις
470 3175 538 3214 corr.
559 3175 592 3213 ex
610 3178 650 3213 -οι
668 3177 704 3215 m.
724 3175 778 3215 rec.
797 3159 834 3227 V)
852 3165 915 3221 ταῖς
933 3155 964 3225 ἐξ
983 3154 1132 3247 dni&

57 3233 194 3303 πυραμίσι
207 3234 370 3301 (πυραμίσιν
382 3232 413 3298 Β)
428 3230 476 3284 ’καλ
491 3226 558 3285 ἐπεί
569 3226 645 3285 ἐστιν
660 3225 696 3292 ὡς
709 3227 741 3285 τὸ
756 3235 778 3283 Α
783 3234 839 3284 ΒΓ
849 3231 986 3300 τρίγωνον
999 3236 1114 3300 προς

56 3296 88 3356 τὸ
107 3306 186 3356 ΑΓΔ
205 3306 340 3371 τρίγωνον
359 3301 456 3356 Theon
475 3301 584 3370 (Bvq).
678 3306 719 3355 11.
738 3299 884 3356 συνθέντα
903 3296 961 3369 άρα
979 3296 1018 3363 ὥς
1036 3300 1086 3355 V.

127 3368 193 3440 ή-
211 3379 251 3428 12.
272 3371 367 3446 βάσιν]
387 3390 443 3442 mg.
462 3393 504 3442 ρρ.
524 3369 672 3440 τραπέζιον
692 3375 720 3427 ελ
738 3391 778 3440 γρ.
799 3373 936 3442 τρίγωνον
949 3390 986 3427 m.
1003 3370 1088 3435 le

49 3439 83 3496 τά
98 3449 213 3498 ΑΒΓΔ
229 3443 381 3516 τραπέζιον
399 3439 471 3516 πρὸς
489 3439 521 3499 τὸ
543 3447 620 3498 ΑΓΔ
639 3443 774 3512 τρίγωνον
792 3442 891 3498 Theon
908 3440 1015 3511 (Bvq).
