2340 3818
75 129 139 192 184
447 133 648 186 Συοιειιιιεα
667 130 717 206 ιβ.

73 271 170 357 βάσις
196 271 279 356 πρὸς
304 270 367 359 τὴν
395 280 495 340 ΔΕΖ
524 273 641 358 βάσιν,
671 275 777 354 οὕτως
802 275 840 343 τὸ
869 279 928 362 τῆς
951 282 1092 342 ΔΕΖΘ

73 383 260 464 πυραμίδος
282 379 370 460 ὕψος
391 377 474 464 πρὸς
496 379 533 448 τὸ
557 384 616 466 τῆς
629 386 773 448 ΑΒΓΗ
787 385 974 470 πυραμίδος
993 381 1093 461 ὕψος.

74 489 142 552 τῶν
160 490 315 569 ΑΒΓΗ,
331 492 465 552 ΔΕΖΘ
488 483 554 571 άρα
576 490 775 572 πυραμίδων
798 483 1094 555 ἀντιπεπόνθασιν

75 593 113 656 αί
131 590 245 675 βάσεις
266 605 336 670 τοῖς
359 591 487 671 ὕψεσιν.

40 724 56 771 5
138 694 235 763 Ἀλλδι
265 695 306 783 δη
334 700 402 764 τῶν
426 702 579 782 ΑΒΓΗ,
608 706 743 766 ΔΕΖΘ
769 703 969 786 πυραμίδων
998 697 1093 766 άντι-

74 803 336 871 πεπονθέτωσαν
358 806 396 870 αί
415 804 529 888 βάσεις
550 818 621 884 τοῖς
647 806 785 889 ὕψεσιν,
811 806 868 872 καὶ
890 810 974 873 ἔστω
999 803 1048 884 ὥς
1071 802 1097 891 ἡ

75 915 178 977 ΑΒΓ
204 909 301 994 βάσις
332 909 417 994 πρὸς
446 909 510 996 τὴν
540 918 641 978 ΔΕΖ
672 911 789 997 βάσιν,
822 912 928 991 οὕτως
959 909 998 979 τὸ
1032 921 1099 997 τῆς

76 1009 217 1083 ΔΕΖΘ
243 1019 430 1103 πυραμίδος
456 1017 544 1096 ὕψος
570 1017 654 1104 πρὸς
679 1016 718 1085 τὸ
741 1021 800 1102 τῆς
823 1023 967 1085 ΑΒΓΗ
985 1041 1094 1102 πυρα-

74 1126 172 1209 μίδος
199 1121 298 1201 ὕψος·
327 1122 428 1208 λέγω,
457 1123 509 1190 ὕτι
540 1131 595 1208 ίση
624 1123 715 1191 ἐστίν
737 1121 758 1209 ἡ
782 1127 925 1190 ΑΒΓΗ
943 1125 1100 1210 πυραμὶς

24 1255 56 1303 10
75 1233 114 1316 τῇ
140 1235 273 1295 ΔΕΖΘ
295 1232 467 1314 πυραμίδι.

147 1338 221 1401 Τῶν
243 1334 308 1421 γάρ
332 1331 443 1401 αὐτῶν
466 1336 818 1420 κατασκευασθέντων,
842 1337 914 1402 έπεί
935 1335 1028 1402 έστιν
1050 1333 1100 1414 ὡς

75 1438 96 1527 ἡ
120 1447 222 1508 ΑΒΓ
246 1442 343 1525 βάσις
369 1439 453 1527 πρὸς
479 1439 542 1527 τὴν
566 1448 666 1508 ΔΕΖ
695 1442 811 1526 βάσιν,
842 1442 947 1520 οὕτως
969 1439 1008 1506 τὸ
1034 1451 1097 1528 τῆς

75 1554 209 1614 ΔΕΖΘ
236 1551 424 1631 πυραμίδος
449 1547 537 1627 ὕψος
563 1546 647 1630 πρὸς
674 1546 712 1614 τὸ
741 1556 799 1632 τῆς
822 1551 964 1614 ΑΒΓΗ
986 1569 1099 1632 πυρα·

51 1658 173 1740 Ιμίδος
193 1653 295 1736 ὕψος,
324 1649 396 1719 ἀλλ’
427 1649 471 1730 ὡς
498 1648 519 1736 ἡ
543 1657 647 1719 ΑΒΓ
669 1651 766 1736 βάσις
792 1651 876 1736 πρὸς
901 1651 964 1737 τὴν
989 1659 1097 1719 ΔΕΖ

25 1784 57 1831 15
75 1761 189 1847 βάσιν,
213 1759 319 1838 οὕτως
341 1757 379 1826 τὸ
397 1764 476 1824 ΒΜ
493 1756 841 1844 παραλληλόγραμμον
862 1755 946 1842 πρὸς
968 1754 1006 1824 τὸ
1022 1765 1104 1826 ΕΠ

76 1864 439 1952 παραλληλόγραμμον,
466 1863 522 1930 καὶ
550 1860 595 1942 ὡς
622 1861 688 1969 άρα
715 1862 753 1931 τὸ
781 1871 860 1931 ΒΜ
882 1862 1099 1950 παραλληλό-

76 1999 229 2059 γραμμον
258 1968 341 2058 πρὸς
367 1969 404 2037 τὸ
434 1976 507 2035 ΕΠ
529 1966 890 2055 παραλληλόγραμμον,
919 1969 1028 2048 οὕτως
1056 1968 1099 2037 τὸ

76 2091 135 2164 τῆς
149 2084 283 2145 ΔΕΖΘ
301 2080 488 2162 πυραμίδος
505 2073 593 2156 ὕψος
609 2071 692 2159 πρὸς
705 2073 743 2142 τὸ
758 2085 816 2160 τῆς
830 2080 972 2142 ΑΒΓΗ
986 2097 1097 2162 πνρα-

77 2188 175 2271 μίδος
205 2183 302 2264 ὕψος.
351 2181 436 2249 άλλδι
468 2180 505 2249 τὸ
535 2181 623 2276 [μὲν]
652 2184 709 2266 τῆς
742 2187 877 2248 ΔΕΖΘ
904 2183 1103 2264 πυραμίδος

25 2314 59 2363 ιο
77 2291 163 2370 ὕψος
185 2287 224 2357 τὸ
247 2287 330 2356 αὐτό
355 2289 423 2355 ἐστι
446 2291 491 2377 τῷ
515 2292 575 2355 τοῦ
594 2292 735 2355 ΕΘΠΟ
757 2287 1100 2373 παραλληλεπιπέδου

77 2398 170 2482 ὕψει,
202 2395 240 2463 τὸ
274 2394 311 2462 δὲ
343 2397 401 2479 τῆς
436 2398 576 2460 ΑΒΓΗ
603 2398 790 2480 πυραμίδος
820 2394 907 2472 ὕψος
936 2391 975 2460 τὸ
1009 2389 1103 2462 αὕτό

79 2505 147 2570 ἐστι
178 2506 224 2594 τῷ
253 2503 313 2567 τοῦ
342 2505 492 2565 ΒΗΜΛ
519 2502 850 2585 παραλληλεπιπέδου
877 2499 968 2579 ὕψει·
1001 2502 1100 2568 ἔστιν

78 2609 144 2694 άρα
168 2605 212 2686 ὡς
235 2602 256 2691 ἡ
279 2610 356 2671 ΒΜ
377 2601 473 2688 βάσις
495 2602 578 2690 πρὸς
600 2603 662 2690 τὴν
685 2612 758 2674 ΕΠ
776 2604 892 2690 βάσιν,
924 2605 1035 2685 οὕτως
1057 2605 1099 2674 τὸ

78 2726 138 2782 τοῦ
176 2715 314 2780 ΕΘΠΟ
349 2710 680 2794 παραλληλεπιπέδου
715 2710 802 2791 ὕψος
837 2710 921 2795 πρὸς
955 2709 994 2778 τὸ
1034 2723 1101 2780 τοῦ

26 2843 59 2891 25
79 2826 228 2888 ΒΗΜΛ
246 2816 577 2903 παραλληλεπιπέδου
595 2815 691 2895 ὕψος.
723 2807 772 2884 οἷν
791 2815 829 2884 δὲ
848 2826 992 2900 στερεῶν
1010 2840 1101 2903 παρ-

79 2925 349 3012 αλληλεπιπέδων
372 2919 658 2990 ἀντιπεπόνθασιν
682 2924 720 2988 αί
740 2921 854 3006 βάσεις
876 2935 945 3000 τοῖς
959 2921 1104 3009 ὕψεσιν,

80 3043 135 3101 ι”σα
159 3032 250 3101 ἐστὶν
278 3033 400 3098 ἐκεῖνα·
429 3037 505 3097 ίσον
533 3026 599 3116 άρα
626 3028 695 3095 ἐστί
722 3027 760 3095 τὸ
785 3034 934 3095 ΒΗΜΛ
957 3029 1104 3115 στερεὸν

78 3141 407 3226 παραλληλεπίπεδον
422 3139 468 3228 τῷ
481 3140 618 3202 ΕΘΠΟ
632 3138 752 3226 στερεῷ
767 3135 1103 3225 παραλληλεπιπέδῳ.

152 3396 176 3443 3.
197 3383 268 3469 άρα]
287 3385 394 3468 ⁰¹¹¹·.V·
468 3386 569 3438 -θασιν
588 3383 617 3437 in
635 3399 689 3437 ras.
709 3379 742 3464 V.
825 3387 849 3436 6.
869 3375 955 3450 ὕψεσι
974 3380 1033 3450 Vq.
1055 3454 1068 3468 .

75 3468 118 3515 15.
141 3457 186 3530 τί]
208 3459 307 3528 ίμειιιε)
326 3458 370 3512 bls
388 3456 421 3511 V.
506 3461 547 3510 17.
566 3457 837 3526 παραλληλοηραμον
855 3452 886 3507 Ρ.
970 3457 1012 3508 18.
1034 3454 1101 3526 της]
