2340 3818
348 165 623 216 mnusuronuu
640 166 750 216 umus
768 167 828 216 ΧΠ.
1028 165 1091 230 187

79 335 123 357 =
138 297 270 370 Eumol
299 309 332 370 et
345 308 474 371 ΑΒΓΗ
484 337 527 360 =
542 305 730 391 1s,BHMA,
746 311 867 372 ΔΕΖΘ
877 339 918 360 --
929 307 963 392 ¹s,
970 313 1093 375 ΕΘΠΟ

77 412 123 494 [p.
150 411 222 495 178,
246 411 313 492 26].
358 413 370 476 i
386 435 469 497 aque
492 416 635 478 ΑΒΓΗ
645 443 687 466 =·--
703 416 845 477 ΔΕΖΘ.

89 503 97 516 ’
145 515 237 602 Ergo
270 517 452 600 aequalium
484 519 688 603 pyramidum
722 522 755 583 et
784 519 964 604 triangulas
996 520 1092 584 bases

77 621 271 687 habentium
294 624 390 689 bases
412 624 446 688 in
470 626 633 690 contraria
655 626 781 690 ratione
805 628 883 689 sunt
905 630 1002 708 atque
1022 624 1091 688 alti·

76 727 221 811 tudines3
241 733 274 793 et
293 750 430 813 quarum
444 730 651 814 pyramidum
664 730 848 815 triangulas
863 730 958 794 bases
973 728 1092 793 haben-

74 834 161 898 tium
184 835 279 901 bases
302 837 335 900 in
354 837 517 902 contraria
534 838 661 901 ratione
680 841 757 902 sunt
775 840 873 920 atque
893 833 1092 915 altitudines,

74 961 134 1004 eae
159 941 309 1024 aequales
334 946 424 1026 sunt,
447 943 532 1027 quod
557 947 627 1006 erat
649 941 945 1008 demonstrandum.

566 1170 606 1234 X.

145 1291 259 1358 Omnis
288 1316 387 1360 conus
415 1269 512 1359 tertia
539 1298 589 1358 est
615 1316 692 1377 pars
721 1292 872 1378 cylindri,
904 1293 959 1376 qui
987 1291 1092 1357 basim

72 1400 214 1464 eandem
236 1401 337 1466 habet
360 1403 393 1465 et
416 1400 621 1465 altitudinem
645 1398 822 1484 aequalem.

34 1513 36 1517 '
146 1505 232 1570 Nam
252 1529 351 1572 conus
372 1506 507 1571 eandem
525 1505 631 1570 basim
650 1505 780 1589 habeat,
802 1526 899 1588 quam
917 1504 1094 1588 cylindrus,

76 1611 233 1677 circulum
257 1615 402 1696 ABFA,
426 1618 459 1676 et
483 1611 688 1676 altitudinem
711 1612 890 1696 aequalem.
937 1609 1016 1687 dico,
1040 1631 1091 1674 co·

78 1738 155 1782 num
171 1719 306 1784 tertiam
321 1740 391 1784 esse
405 1721 531 1801 partem
546 1717 692 1802 cylindri,
709 1717 740 1781 h.
756 1739 781 1780 e.
796 1714 977 1800 cylindrum
991 1715 1091 1798 triplo

74 1823 236 1889 maiorem
259 1846 328 1890 esse
351 1846 442 1891 cono.

143 1952 218 1994 nam
248 1931 275 1994 si
303 1931 466 2014 cylindrus
495 1952 574 1995 cono
597 1927 698 2012 triplo
722 1926 827 1991 maior
849 1947 913 1990 non
938 1928 1003 2007 est,
1031 1925 1093 1989 erit

610 2033 772 2118 cylindrus
797 2036 855 2096 aut
872 2031 976 2096 maior
994 2051 1092 2115 quam

606 2140 706 2223 triplo
725 2138 830 2202 maior
852 2158 932 2202 cono
957 2140 1015 2200 aut
1032 2136 1091 2200 mi-

597 2266 674 2309 nor.
720 2242 812 2328 prius
840 2242 884 2306 sit
911 2241 1032 2323 maior,
1060 2246 1093 2304 et

606 2351 641 2414 in
672 2348 791 2414 circulo
818 2350 954 2412 ΑΒΓΔ
979 2346 1091 2412 inscri-

557 2522 567 2551 ,
607 2456 704 2520 batur
736 2453 929 2539 quadratum
961 2457 1092 2518 ΑΒΓΔ

607 2559 678 2644 HV,
692 2561 736 2640 61.
769 2548 879 2643 itaque
899 2559 1092 2643 quadratum

605 2669 740 2731 ΑΒΓΔ
772 2665 879 2729 maius
911 2669 962 2730 est
995 2686 1092 2747 quam

607 2771 776 2836 dimidium
813 2770 925 2835 circuli
961 2773 1092 2835 ΑΒΓΔ

608 2879 651 2962 [p.
683 2877 761 2960 142,
788 2876 834 2958 9].
886 2879 920 2940 et
950 2874 984 2940 in
1015 2898 1092 2960 qua-

607 2984 701 3048 drato
725 2985 855 3047 ΑΒΓΔ
882 2985 1089 3047 construatur

608 3088 732 3172 prisma
773 3087 908 3153 eandem
949 3087 1092 3153 altitudi-

71 3208 150 3252 nem
186 3188 309 3253 habens
347 3209 444 3272 quam
482 3190 655 3274 cylindrus.
713 3193 822 3278 itaque
858 3193 982 3277 prisma
1019 3214 1093 3257 con·

71 3298 237 3360 structum
259 3295 365 3360 maius
390 3299 440 3361 cst
462 3318 558 3382 quam
579 3298 747 3364 dimidium
767 3299 912 3383 cylindri,
936 3299 1090 3383 quoniam

146 3485 179 3540 X.
198 3486 273 3540 Hero
296 3488 424 3543 sterecm.
444 3487 465 3555 1,
487 3493 528 3558 14,
548 3495 574 3546 3.
610 3488 723 3548 Psellus
738 3509 770 3564 n.
787 3496 836 3546 bt.
