2340 3818
111 154 178 217 244
482 153 683 205 mommsen
702 153 756 225 ιβ’.

178 298 221 362 El
239 297 303 381 γὰρ
323 297 368 381 μὴ
388 291 408 380 ἡ
424 299 526 361 ΑΒΓ
541 306 668 380 σφαῖρα
687 296 771 381 πρὸς
784 295 847 379 τὴν
862 298 964 359 ΔΕΖ
978 303 1128 377 σφαῖραν

111 406 330 488 τριπλασίονα
357 399 461 486 λόγου
489 405 555 486 ἔχει
584 397 675 487 ἥπερ
703 397 723 486 ἡ
758 404 824 467 ΒΓ
845 400 929 485 πρὸς
954 399 1018 484 τὴν
1048 403 1128 481 ΕΖ,

111 509 175 587 ἕξει
207 504 273 593 ἄρα
305 503 326 593 ἡ
359 512 461 573 ΑΒΓ
489 519 617 592 σφαῖρα
650 508 734 591 πρὸς
765 502 932 573 ἐλάσσονά
963 527 1042 570 τινα
1073 506 1129 588 τῆς

113 619 216 680 ΑΕΖ
234 617 377 698 σφαίρας
396 615 616 698 τριπλασίονα
635 607 773 696 λόγονῆ
792 608 875 693 πρὸς
891 614 1027 695 μείζονα
1046 604 1127 694 ἤπερ

76 738 92 787 5
111 716 132 804 ἡ
157 723 223 785 ΒΓ
241 719 326 801 πρὸς
348 718 410 802 τὴν
432 723 504 784 ΕΖ.
546 717 644 804 ἐχέτω
668 716 832 804 πρότερον
855 717 938 802 πρὸς
962 713 1127 783 ἐλάσσονα

111 827 173 910 τὴν
197 829 318 907 ΗΘΚ,
346 821 401 888 καὶ
428 821 607 908 νενοήσθω
630 820 651 909 ἡ
677 828 780 890 ΔΕΖ
800 826 840 910 τῇ
863 825 973 888 ΗΘΚ
992 820 1125 906 περὶτὰ

112 928 193 997 αὐτὸ
213 929 365 1015 κέντρον,
383 929 438 995 καὶ
453 927 676 1015 ἐγγεγράφθω
691 932 740 1006 είς
752 929 815 1014 τὴν
829 931 964 1012 μείζονα
979 939 1124 1012 σφαῖραν

111 1034 174 1120 τὴν
198 1040 300 1101 ΔΕΖ
327 1032 465 1117 στερεὸν
491 1033 681 1120 πολύεδρον
704 1030 749 1119 μὴ
772 1043 885 1114 ψαῦον
908 1041 968 1118 τῆς
991 1031 1124 1100 ἐλάσσο-

111 1168 171 1219 νος
199 1144 344 1227 σφαίρας
370 1144 428 1226 τῆς
455 1146 563 1208 ΗΘΚ
588 1138 671 1206 κατὰ
700 1140 763 1225 τὴν
791 1137 1008 1225 ἐπιφάνειαν,
1040 1139 1121 1223 ἐγγε-

61 1266 95 1315 1ο
117 1247 263 1333 γρύφθω
284 1246 321 1315 δὲ
339 1245 395 1313 καὶ
414 1250 461 1326 είς
483 1244 545 1332 τὴν
565 1251 667 1313 ΑΒΓ
682 1259 830 1331 σφαῖραν
848 1249 893 1336 τῷ
913 1245 951 1312 ἐν
969 1248 1011 1334 τῇ
1031 1251 1124 1312 ΔΕΖ

114 1357 239 1442 σφαίρᾳ
261 1357 382 1444 στερεῷ
411 1354 585 1443 πολυέδρῳ
614 1349 733 1438 ὅμοιον
762 1349 898 1437 στερεὸν
924 1350 1123 1437 πολύεδρον·

112 1457 150 1526 τὸ
183 1457 250 1544 ἄρα
278 1459 315 1525 ἐν
342 1461 382 1545 τῇ
406 1463 508 1524 ΑΒΓ
532 1456 669 1544 στερεὸν
697 1457 887 1544 πολύεδρον
914 1456 998 1544 πρὸς
1025 1455 1063 1525 τὸ
1091 1459 1124 1524 ἐν

112 1567 152 1652 τῇ
177 1571 210 1630 Α
217 1571 279 1630 ΕΖ
307 1561 443 1649 στερεὸν
471 1562 659 1648 πολύεδρον
688 1567 908 1650 τριπλασίονα
935 1561 1041 1648 λόγον
1065 1567 1126 1649 ἔχει

113 1667 197 1757 ἥπερ
221 1668 241 1756 ἡ
261 1674 329 1737 ΒΓ
347 1667 431 1753 πρὸς
448 1665 510 1754 τὴν
529 1675 601 1736 ΕΖ.
636 1673 700 1754 ἔχει
721 1669 759 1737 δέ
777 1669 832 1736 καὶ
851 1665 871 1755 ἡ
892 1674 987 1736 ΑΒΓ
1002 1681 1126 1757 σφαῖρα

62 1794 94 1844 15
113 1773 196 1863 πρὸς
223 1772 285 1861 τὴν
309 1780 419 1843 ΗΘΚ
444 1787 592 1860 σφαῖραν
619 1779 840 1860 τριπλασίονα
867 1773 971 1860 λόγον
1000 1771 1127 1862 ἤπερὴ

114 1887 180 1949 ΒΓ
198 1878 282 1963 πρὸς
303 1880 367 1967 τὴν
386 1888 461 1947 ΕΖ·
485 1885 576 1948 ἐστιν
595 1877 662 1967 ἄρα
681 1878 725 1961 ὡς
743 1877 763 1967 ἡ
783 1885 888 1948 ΑΒΓ
901 1892 1030 1967 σφαῖρα
1049 1879 1129 1968 πρὸς

113 1985 174 2072 τὴν
202 1992 310 2055 ΗΘΚ
336 1998 500 2072 σφαῖραν,
534 1985 640 2066 οὕτως
671 1987 709 2054 τὸ
743 1989 779 2054 ἐν
807 1990 847 2072 τῇ
876 1991 979 2052 ΑΒΓ
1003 1993 1129 2076 σφαίρᾳ

114 2089 251 2176 στερεὸν
274 2091 463 2177 πολύεδρον
486 2089 569 2178 πρὸς
596 2090 634 2159 τὸ
660 2095 696 2159 ἐν
719 2095 759 2180 τῇ
784 2097 885 2158 ΔΒΖ
908 2095 1038 2180 σφαίρᾳ
1063 2112 1129 2159 στε·

115 2196 194 2281 ρεὸν
226 2195 425 2283 πολύεδρον·
458 2195 598 2278 ἐναλλὰξ
628 2195 720 2284 [ἄρα]
751 2194 795 2276 ὡς
825 2194 847 2282 ἡ
875 2202 978 2264 ΑΒΓ
1002 2211 1129 2284 σφαῖρα

62 2324 96 2372 20
114 2300 198 2389 πρὸς
224 2300 262 2368 τὸ
292 2305 328 2369 ἐν
356 2301 440 2390 αὐτῇ
463 2303 668 2389 πολύεδρον,
700 2301 805 2382 οὕτως
827 2299 848 2388 ἡ
874 2308 981 2369 ΗΘΚ
1003 2317 1130 2390 σφαῖρα

113 2407 196 2494 πρὸς
214 2404 252 2474 τὸ
272 2409 308 2473 ἐν
327 2418 367 2495 τῇ
384 2415 485 2474 ΔΕΖ
499 2414 627 2498 σφαίρᾳ
641 2407 776 2496 στερεὸν
790 2405 987 2494 πολύεδρον.
1011 2415 1131 2494 μείζων

115 2513 153 2580 δὲ
179 2509 201 2598 ἡ
230 2518 334 2579 ΑΒΓ
357 2525 483 2599 σφαῖρα
509 2525 571 2581 τοῦ
600 2518 637 2582 ἐν
666 2512 750 2603 αὐτῇ
776 2514 978 2599 πολυέδρου·
1011 2520 1131 2600 μείζων

114 2616 180 2705 ἄρα
203 2617 259 2684 καὶ
282 2614 302 2703 ἡ
323 2624 431 2684 ΗΘΚ
454 2633 581 2706 σφαῖρα
603 2624 664 2687 τού
689 2623 725 2687 ἐν
747 2629 787 2708 τῇ
808 2626 908 2686 ΔΕΖ
927 2625 1058 2710 σφαίρᾳ
1077 2645 1131 2688 πο

115 2725 268 2810 λυίδρου.
319 2723 404 2791 ἀλλὰ
439 2725 494 2791 καὶ
528 2724 685 2793 ἐλάττων·
720 2726 941 2812 ἐμπεριέχεται
972 2723 1039 2812 γὰρ
1073 2723 1130 2795 ὑπ’

62 2851 96 2899 25
116 2830 230 2897 αὐτοῦ.
277 2828 339 2896 οὐκ
363 2829 427 2918 ἄρα
450 2829 471 2917 ἡ
495 2837 602 2899 ΑΒΓ
625 2845 752 2918 σφαῖρα
779 2829 861 2917 πρὸς
884 2829 1054 2901 ἐλάσσονα
1077 2837 1134 2920 τῆς

117 2945 150 3001 Δ
157 2943 219 3002 ΕΖ
248 2942 393 3022 σφαίρας
424 2942 644 3024 τριπλασίονα
672 2938 775 3022 λόγον
804 2941 870 3022 ἔχει
904 2934 987 3024 ἤπερ
1019 2935 1042 3024 ἡ
1073 2942 1137 3006 ΒΓ

117 3040 293 3129 διάμετρος
324 3041 408 3126 πρὸς
439 3041 501 3128 τὴν
532 3050 603 3110 ΕΖ.
656 3039 779 3128 ὁμοίως
807 3041 849 3128 δὴ
879 3045 1048 3128 δείξομεν,
1084 3043 1134 3112 ὅτι

189 3330 213 3380 3.
234 3324 353 3394 σφαῖρα]
373 3339 426 3380 om.
447 3342 472 3392 q.
555 3331 579 3379 6.
600 3326 659 3378 ΗΘ
677 3323 707 3379 Ρ.
790 3319 937 3392 ἐννοήσθω
957 3322 986 3377 Ρ.
1069 3327 1135 3383 Post

118 3401 143 3448 Δ
150 3398 202 3448 ΕΖ
220 3395 282 3448 add.
304 3401 411 3462 σφαῖρα
429 3394 480 3464 Vq
497 3397 527 3450 et
544 3396 566 3449 B
586 3413 623 3449 m.
642 3402 667 3449 2.
771 3399 795 3448 7.
815 3391 988 3464 γεγράφθως
1007 3414 1034 3465 q.

108 3472 133 3520 8.
153 3466 258 3540 ΔΕΖ]
276 3468 304 3522 Ε
321 3483 408 3539 supra
428 3483 479 3524 ser.
498 3485 536 3522 m.
555 3473 571 3521 1
589 3466 624 3521 V.
704 3471 729 3520 9.
749 3466 807 3519 ΗΘ
825 3464 854 3520 Ρ.
930 3470 970 3520 10.
992 3469 1092 3541 ΔΕΖ]
1112 3470 1134 3524 Β
