2272 3796
89 152 155 216 284
459 148 661 202 Στοοοοῑοα
679 144 732 217 η’.

88 292 154 362 ἀτιὸ
177 297 235 380 τῆς
258 299 334 361 ΚΖ.
382 288 629 358 πενταπλάσιον
652 289 691 358 δὲ
713 288 750 358 τύ
776 288 841 360 ἀπὸ
863 301 922 378 τῆς
944 297 1016 359 ΜΚ
1031 292 1073 356 τού

88 399 155 468 ἀττύ
179 404 236 486 τῆς
260 404 339 466 ΚΖ·
361 396 610 465 πενταπλάσιον
632 393 699 484 ἀρα
721 399 760 467 τὸ
782 395 849 466 ἀπὸ
872 402 933 485 τῆς
954 402 1017 464 ΒΚ
1032 397 1073 463 τού

89 505 154 575 ἀιτὸ
179 511 238 593 τῆς
261 512 350 573 ΚΜ·
374 506 411 574 τὸ
435 501 500 592 ἀρα
523 500 589 571 ἀπὸ
612 507 671 590 τῆς
693 511 763 573 ΒΚ
783 506 866 593 πρὸς
887 502 926 572 τὸ
950 500 1010 572 ἀιιύ
1022 506 1078 569 ΚΜ

89 613 195 701 λόγον
223 612 285 681 ου’-κ
308 616 389 698 ἔχει,
416 610 458 679 ὃν
485 609 693 698 τετράγωνος
719 609 867 698 ἀριθμὸς
889 610 972 699 πρὸς
992 607 1074 696 τετρύ-

54 746 202 807 ομωνον
226 716 389 806 ἀριθμόν·
413 716 622 804 ἀσύμμετρος
644 716 711 806 ἀρα
734 717 825 785 ἐστὶν
848 715 869 804 ἡ
889 724 960 786 ΒΚ
974 720 1011 806 τῇ
1022 719 1076 783 ΚΜ

90 829 194 914 μήκει.
239 830 298 893 καί
322 826 391 892 ἐστι
419 821 500 911 ῥητὴ
529 823 666 911 ἑκατέρα
694 821 815 892 αὐτῶν.
866 827 905 891 αἱ
925 829 1003 909 ΒΚ,
1022 824 1079 889 ΚΜ

91 932 157 1020 ἀρα
181 935 281 1018 ῥηταί
300 935 365 998 εέσι
389 930 532 1017 δυνάμει
554 929 663 1016 μόνον
681 929 873 1018 σύμμετροι.
905 933 965 999 ἐὰν
983 929 1017 998 δὲ
1031 923 1076 994 ἀπὸ

91 1041 192 1126 ῥητῆς
215 1035 298 1124 ῥητὴ
321 1034 492 1126 ἀφαιρεθῇ
516 1035 788 1124 δυνάμει-μόνον
810 1035 997 1125 σύμμετρος
1016 1027 1077 1104 ούσι

90 1151 129 1234 τῇ
155 1144 232 1233 ὅλη,
255 1140 275 1230 ἡ
300 1144 398 1231 λοιπὴ
422 1141 546 1230 ἀλομύς
568 1145 660 1210 ἐστιν
682 1140 849 1229 ἀποτομή·
862 1142 1018 1231 «ἀποτομὴ
1033 1139 1077 1225 ἀρα

39 1279 72 1328 10
92 1252 182 1320 ἐστὶν
206 1247 227 1336 ἡ
251 1257 340 1336 ΜΒ,
368 1248 647 1338 προσαρμόζουσα
675 1247 712 1316 δὲ
734 1247 818 1338 αὐτῇ
846 1248 868 1337 ἡ
892 1256 978 1317 ΜΚ.
1018 1247 1076 1333 λέγω

91 1358 149 1444 δή,
178 1355 231 1425 ὅτι
257 1358 313 1425 καὶ
341 1355 489 1444 τετάρτη.
539 1347 566 1447 ᾦ
596 1353 638 1441 δὴ
663 1355 776 1441 μεῖζόν
800 1356 869 1423 ἐστι
895 1358 945 1426 τύ
961 1354 1075 1436 ἀιιὸιύς

90 1470 160 1532 ΒΚ
180 1466 241 1531 τού
265 1460 330 1531 ἀιτο
353 1466 412 1548 τῆς
435 1467 525 1547 ΚΜ,
554 1462 669 1552 έκεένηο
693 1468 769 1528 ἴσον
792 1466 876 1529 ἔστω
899 1461 938 1530 τὸ
962 1461 1023 1531 ἀπὸ
1040 1457 1080 1542 τῆς

91 1575 139 1637 Ν·
167 1566 188 1657 ἡ
212 1575 281 1637 ΒΚ
307 1567 374 1656 ἀρα
400 1571 459 1654 τῆς
481 1573 560 1635 ΚΜ
586 1572 699 1652 μεῖζον
726 1565 869 1635 δύναται
896 1573 937 1659 τῇ
965 1577 1005 1637 Ν.
1041 1558 1081 1631 καὶ

92 1677 163 1745 έτιεὶ
182 1673 368 1763 σύμμετρός
386 1671 514 1759 ἐστινὴ
535 1680 601 1742 ΚΖ
619 1677 659 1761 τῇ
675 1679 752 1758 ΖΒ,
774 1673 830 1740 καὶ
849 1677 1008 1744 συνθέντι
1024 1670 1082 1754 σύμ·

40 1808 73 1858 15
92 1782 211 1872 μετρύς
234 1785 324 1851 ἐστιν
346 1778 368 1868 ἡ
391 1787 458 1849 ΚΒ
479 1784 520 1868 τῇ
545 1786 616 1847 ΖΒ.
651 1776 736 1847 ἀλλά
758 1776 778 1866 ἡ
798 1787 861 1848 ΒΖ
884 1785 924 1870 τῇ
944 1788 1004 1849 ΒΘ
1024 1775 1084 1859 σύμ·
1125 1816 1128 1853 ;

92 1890 211 1978 μετρύς
234 1891 338 1957 ἐστιν·
360 1887 416 1954 καὶ
438 1884 459 1972 ἡ
483 1893 553 1954 ΒΚ
573 1884 641 1974 ἀρα
661 1889 700 1974 τῇ
720 1893 784 1954 ΒΘ
802 1888 990 1975 σύμμετρός
1007 1888 1085 1955 ἐστιν.

92 1997 148 2064 καὶ
172 1997 241 2064 ἐπεὶ
263 1991 510 2063 ιιεντατιλάσιύν
534 1994 603 2061 ἐστι
626 1991 664 2060 τὸ
692 1990 757 2061 ἀπὸ
785 1997 845 2080 τῆς
867 2001 938 2062 ΒΚ
958 1997 1016 2063 τού
1036 1986 1085 2057 ἀνθ

92 2107 151 2190 τῆς
173 2109 265 2188 ΚΜ,
288 2099 326 2170 τὸ
350 2099 417 2187 ἀρα
439 2097 504 2167 ἀπὸ
528 2102 586 2185 τῆς
609 2105 679 2167 ΒΚ
699 2101 783 2187 πρὸς
804 2102 842 2169 τὸ
866 2098 933 2168 ἀπὸ
956 2105 1013 2188 τῆς
1029 2089 1092 2167 ΚΜ

92 2206 196 2293 λόγον
220 2212 301 2295 ἔχει,
325 2205 367 2274 ὃν
389 2219 406 2274 ἑ
428 2203 512 2294 ιιρὸς
534 2206 581 2273 έν.
622 2203 869 2294 ἀναστρέψαντι
892 2205 959 2295 ἀρα
981 2232 1017 2274 το
1039 2194 1089 2271 ἀπὸ

40 2337 75 2388 20
93 2325 152 2401 τῆς
179 2319 248 2380 ΒΚ
278 2310 362 2399 πρὸς
388 2310 426 2380 τὸ
454 2310 518 2380 ἀπὸ
545 2316 604 2398 τῆς
627 2318 666 2380 Ν
688 2311 794 2400 λόγον
817 2318 894 2400 ἔχει,
924 2309 966 2382 ὃν
987 2325 1004 2381 ἓ
1025 2306 1091 2396 πρὸς

92 2407 217 2507 Θ,,ούχ
245 2415 286 2486 ὃν
309 2415 516 2504 τετράμοονος
542 2420 625 2506 πρὸς
647 2417 872 2512 τετράγονον·
900 2417 1093 2507 ἀσύμμετρος

93 2525 160 2615 ἀρα
187 2525 277 2594 ἐστὶν
305 2521 325 2610 ἡ
349 2530 419 2591 ΒΚ
440 2534 480 2613 τῇ
504 2530 552 2592 Ν·
579 2524 600 2611 ἡ
629 2531 698 2593 ΒΚ
724 2523 791 2610 ἀρα
817 2528 876 2612 τῆς
897 2533 982 2594 ΚΜ
999 2529 1094 2613 μείζον

93 2633 236 2701 δύναται
262 2635 308 2721 τῷ
332 2627 397 2698 ἀιτο
426 2629 638 2718 ἀσυμμέτρου
666 2631 778 2720 ἑαυτῇ.
823 2631 893 2701 ἐπεὶ
918 2625 982 2702 οὖν
1005 2622 1096 2719 ὅληύ

94 2746 164 2808 ΒΚ
184 2742 242 2825 τῆς
264 2736 561 2826 προσαρμοζούσης
583 2747 641 2823 τῆς
663 2742 742 2805 ΚΜ
764 2743 877 2824 μεῖζον
900 2738 1043 2808 δύναται
1062 2736 1098 2826 τῷ

40 2866 75 2916 25
94 2843 160 2913 ἀπὸ
184 2841 396 2932 ἀσυμμέτρου
420 2845 532 2933 ἑαυτῇ,
554 2843 610 2911 καὶ
634 2842 694 2930 ὅλη
714 2841 819 2930 ἡΒΚ
836 2844 1025 2934 σύμμετρός
1044 2848 1101 2915 ἐστι

93 2955 133 3040 τῇ
153 2952 322 3040 έκκειμένη
343 2953 424 3041 ῥητῇ
443 2960 482 3039 τῇ
502 2957 579 3035 ΒΘ,
603 2948 754 3037 ἀποτομὴ
773 2949 839 3039 ἀρα
861 2950 1000 3040 τετάρτη
1022 2950 1103 3020 ἐστὶν

96 3054 117 3144 ἡ
150 3063 231 3124 ΜΒ.
286 3054 323 3125 τὸ
357 3055 395 3124 δὲ
430 3054 496 3124 ύτιύ
530 3057 632 3150 ῥητῆς
663 3056 719 3123 καὶ
750 3053 921 3144 ἀποτομῆς
957 3057 1107 3147 τετάρτης

95 3162 333 3250 περιεχόμενον
362 3160 578 3251 ὀρθογώνιον
601 3160 728 3248 ἀλογόν
756 3165 857 3249 ἐστιν,
884 3164 941 3231 καὶ
965 3161 987 3251 ἡ
1011 3167 1108 3233 δυνα-

167 3419 192 3468 2.
212 3414 282 3484 ΒΚ]
304 3417 325 3466 Β
345 3428 414 3468 corr.
434 3427 468 3465 ex
488 3413 515 3464 Γ
529 3426 566 3464 m.
588 3411 648 3465 lb.
704 3415 728 3465 3.
744 3410 822 3481 ΚΜ]
839 3411 911 3533 ffb.)
929 3415 996 3466 ΜΚ
1011 3412 1045 3480 b;
1065 3418 1112 3481 τῆς

88 3487 164 3539 ΜΚ
172 3485 232 3557 Rq,
249 3485 381 3558 τῆςΚΜ
390 3481 423 3540 V.
480 3487 506 3537 5.
522 3475 724 3553 έοτίνηοῐοΝ.
781 3485 832 3534 ΚΒ
929 3479 1111 3540 Mamm
