2340 3818
103 142 166 206 122
474 143 675 195 ετοοοοιαα
693 139 745 196 ια’.

101 283 167 372 ίίρα
190 283 334 371 πλευρὰς
356 298 428 364 ταῖς
450 291 582 364 λοιπαῖς
604 292 763 370 πλευραῖς
786 292 861 363 ἴσας
879 285 1020 364 ἕξουσιν.

101 389 167 477 ίίρα
191 393 281 459 ἐστὶν
304 389 324 478 ἡ
349 398 417 459 ΓΚ
437 395 476 480 τῇ
502 398 576 459 ZN.
622 395 691 458 ἔστι
716 390 753 457 δὲ
774 391 831 458 καὶ
854 387 875 475 ἡ
899 396 970 457 ΑΓ
985 401 1025 478 τῇ

102 505 170 583 ἴση·
206 497 268 566 δύο
298 496 339 584 δὴ
372 501 410 564 αἴ
435 504 513 582 ΑΓ,
544 503 609 565 ΓΚ
636 497 714 565 δυσὶ
741 510 813 575 ταῖς
842 505 923 581 AZ,
952 503 1023 562 ΖΝ
1047 536 1049 560 ι

100 608 200 672 είσίν·
233 605 288 671 καῖ
321 603 443 691 ὀρθὰς,
460 609 585 691 γωνίας
615 605 836 692 περιέχουσιν.
882 603 980 688 βοίσις
1008 600 1048 688 ἄρ

64 718 173 781 σΑΚ
198 709 295 797 ρασσ
321 715 361 799 τῇ
386 716 464 777 AN
487 718 542 795 ιση
571 712 671 777 ἐστιν.
716 711 772 777 ιιι
800 709 870 778 εισι
902 717 958 794 ιση
976 699 1049 776 ἐστι

101 825 167 884 ΑΘ
192 822 233 905 τῇ
262 825 354 901 AM,
383 825 459 883 ἴσον
487 817 556 883 ἐστὶ
582 816 639 883 καὶ
661 814 699 883 τὸ
724 813 789 884 ἀπὸ
811 820 870 902 τῆς
893 823 959 883 ΑΘ
982 820 1049 905 τῷν

99 927 158 1007 τῆς
186 930 272 991 AM.
322 920 407 989 ἀλλὰ
439 933 485 1014 τῷ
518 921 580 1007 μὲν
612 917 678 989 ἀπὸ
710 926 769 1007 τῆς
794 927 861 989 ΑΘ
892 929 950 988 ἴσα
978 922 1043 988 ἐστὶ

100 1023 165 1094 ἀπὸ
195 1032 262 1095 τῶν
290 1035 374 1116 AK,
401 1035 479 1096 K&
508 1026 596 1115 ὀρθὴ
624 1026 689 1115 γὰρ
716 1026 737 1113 ἡ
766 1026 832 1095 ὑπὸ
862 1034 978 1095 ΑΚΘ·
1005 1031 1046 1117 τῷ

100 1130 166 1200 ἀπὸ
190 1144 249 1218 τῆς
272 1142 354 1201 AM
373 1143 428 1200 Ma
451 1132 491 1200 τὰ
516 1130 581 1200 ἀπὸ
609 1139 678 1201 των
702 1142 789 1220 AN,
818 1141 910 1202 NM·
940 1132 1049 1221 ὀρθης

48 1236 121 1324 1οὴ
149 1236 216 1307 ὑπὸ
245 1247 374 1306 ΔΝΜ·
401 1238 441 1306 τὰ
469 1238 535 1326 ἄρα
562 1238 628 1307 ιἰπὸ
657 1245 726 1308 τῶν
753 1247 838 1326 AK,
869 1247 937 1307 ΚΘ
965 1248 1018 1306 ἴσα
1045 1266 1049 1304 ι

99 1359 170 1424 τοῖς
197 1342 262 1412 ἀπὸ
290 1356 358 1414 τῶν
387 1353 474 1429 AN,
501 1353 594 1431 NM,
623 1337 672 1413 οἷν
699 1346 738 1414 τὸ
767 1344 832 1413 ἀπὸ
860 1350 919 1431 τῆς
942 1353 1013 1412 ΛΚ
1038 1353 1049 1410 ἴ

101 1451 170 1518 ἐστὶ
196 1456 243 1542 τῷ
271 1450 337 1519 ἀπὸ
363 1456 422 1537 τῆς
450 1459 535 1531 AN·
564 1450 684 1519 λοιπὸν
711 1451 778 1538 ἄρα
804 1450 843 1519 τὸ
872 1449 937 1519 ἀπὸ
966 1456 1022 1538 τῆς
1046 1509 1049 1516 .

101 1564 176 1623 ἴσον
205 1558 274 1623 ἐστὶ
301 1561 347 1649 τῷ
371 1556 437 1624 ἀπὸ
460 1561 518 1643 τῆς
540 1564 631 1624 ΝΜ·
660 1565 714 1644 ἴση
744 1556 808 1643 ίιρα
831 1554 852 1642 ἡ
877 1564 945 1625 ΘΚ
966 1562 1049 1645 τηλ

99 1664 155 1730 καῖ
184 1664 253 1730 ἐπεὶ
278 1663 341 1731 δύο
364 1667 401 1730 αἴ
422 1671 502 1748 ΘΑ,
531 1670 601 1730 ΑΚ
624 1664 702 1731 δυσὶ
726 1651 800 1743 ταῖς
823 1671 916 1748 MA,
947 1671 1021 1731 AN
1044 1671 1049 1728 ι’

49 1791 82 1839 15
101 1770 187 1836 εἰσὶν
211 1771 347 1859 ἑκατέρα
371 1770 522 1859 ἑκατέρᾳ,
545 1770 601 1837 καὶ
623 1769 720 1855 βάσις
740 1767 761 1855 ἡ
781 1776 848 1837 ΘΚ
864 1768 961 1855 βάσει
979 1775 1018 1858 τη
1038 1778 1049 1837 ί

101 1879 237 1964 ἐδείχθη
267 1886 338 1962 ἴση,
368 1882 476 1961 γωνία
503 1874 569 1962 ἄρα
596 1873 617 1960 ἡ
640 1873 707 1942 ὑπὸ
730 1882 835 1943 ΘΑΚ
855 1882 964 1965 γωνίᾳ
986 1881 1049 1963 τῇΛ

100 1989 222 2049 MAN
241 1986 333 2051 ἐστιν
355 1990 421 2068 Mn.

163 2087 243 2156 Ἐὰν
276 2087 341 2176 ἄρα
374 2081 436 2156 οἶσι
470 2086 532 2155 δύο
565 2092 684 2172 γωνίαι
718 2089 867 2155 ἐπίπεδοι
895 2097 965 2156 ἴσαι
992 2090 1046 2156 καὶ

102 2194 174 2278 ἑξῆς
196 2197 254 2277 τῆς
276 2193 466 2280 προτάσεως
490 2192 585 2280 [ὅπερ
609 2197 676 2260 ἔδει
701 2196 829 2277 δεῖξαι]

46 2389 82 2438 20
512 2369 705 2456 Πόρισμα.
767 2351 769 2354 ⁴

165 2488 220 2557 Ἐκ
243 2489 285 2575 δὴ
309 2490 431 2559 τούτου
454 2493 619 2579 φανερόν,
644 2491 711 2577 ὅτι,
739 2491 799 2560 ἐὰν
821 2484 883 2561 ὦσι
908 2494 971 2562 δύο
994 2521 1049 2579 γωι

101 2600 253 2665 ἐπίπεδοι
288 2606 373 2683 ἴσαι,
411 2601 615 2666 ἐπισταθῶσι
652 2598 689 2666 δὲ
722 2597 772 2666 ἐπ’
810 2597 923 2667 αὐτῶν
956 2602 1049 2686 μετέω

101 2702 231 2772 εὐθεῖαι
265 2712 334 2771 ἴσαι
366 2713 440 2784 ἴσας
471 2711 596 2790 γωνίας
627 2706 840 2791 περιέχουσαι
872 2704 953 2790 μετὰ
985 2710 1049 2773 των

101 2809 204 2897 ἀρχῆς
222 2808 366 2878 εὐθειῶν
386 2812 544 2897 ἑκατέραν
559 2811 707 2899 ἑκατέρα,
726 2814 763 2877 αι’
776 2809 831 2877 ἀπ’
850 2809 962 2879 αὐτῶν
976 2811 1049 2878 ποίθ.

46 2934 82 2984 25
101 2913 262 3002 ἀγόμεναι
291 2917 343 2984 ἐπὶ
370 2916 410 2984 τὰ
439 2919 595 3001 ἐπίπεδα,
630 2919 666 2984 ἐν
694 2911 744 2996 οἷς
772 2923 858 2984 εἴσιν
889 2920 926 2983 αἱ
952 2919 985 2997 ἐξ
1012 2915 1049 3003 ιἰρ

100 3028 231 3108 γωνίαι,
256 3031 324 3089 ἴσαι
349 3021 508 3108 ἀλλήλαις
531 3027 626 3091 είσίν.
655 3021 735 3111 ὅπερ
760 3027 827 3090 ἔδει
851 3025 964 3104 δεῖξαι.

174 3188 197 3235 1.
219 3180 313 3247 ἕξουσι
330 3181 369 3249 V3
390 3182 455 3236 dein
475 3190 488 3236 1
508 3181 583 3236 linea
601 3199 670 3236 eras.
726 3188 751 3236 2.
771 3182 843 3252 ZN]
864 3199 932 3236 corr.
952 3199 986 3236 ex
1005 3186 1049 3235 Ζλ

156 3251 231 3307 ἔστιν
249 3253 281 3307 Β.
344 3259 368 3308 3.
389 3251 458 3306 εἰσιν
478 3254 537 3307 ἴσαι
556 3253 589 3307 V.
648 3258 673 3308 4,
693 3251 750 3307 είοί
765 3253 800 3320 Ρ,
820 3269 909 3322 comp.
928 3251 980 3306 Fb.
1035 3273 1049 3304 ιι

103 3322 198 3394 έχουσι
215 3323 273 3380 Vb.
333 3331 357 3380 5.
377 3320 439 3378 ἐστι’
453 3323 489 3392 V,
509 3341 597 3391 comp.
617 3321 669 3378 Fb.
730 3330 754 3378 7.
773 3323 833 3394 ἴσα]
853 3326 919 3392 post
937 3344 947 3376 ι
966 3323 1018 3378 del.
1039 3342 1049 3374 ι

100 3394 168 3453 21³.
224 3399 248 3450 8.
263 3395 360 3466 ΑΚΘ]
375 3396 432 3448 ΚΘ
450 3411 465 3448 ο
481 3411 548 3448 corr.
564 3394 597 3448 V.
652 3401 677 3448 9.
693 3395 769 3464 AN]
786 3397 817 3447 N
834 3411 902 3448 corr.
917 3393 1049 3449 exMBk

103 3470 146 3521 10.
161 3462 235 3521 AM
237 3462 294 3520 ‘N'
313 3467 339 3521 b.
396 3471 437 3521 11.
453 3464 570 3532 AMB,
590 3464 640 3519 sed
659 3467 830 3532 corr.;item
848 3465 896 3519 lin.
917 3471 958 3519 14.
1015 3469 1049 3517 12
