2340 3818
423 152 699 204 ELEMENTORUM
717 155 826 206 LIBER
844 157 891 208 XI.

186 288 321 377 siugulis
354 297 471 381 ΓΗΖ,
503 301 612 361 ΑΔΕ
647 300 679 361 et
711 297 816 362 tribus
848 296 1162 383 parallelogrammis

185 397 239 483 ΗΕ,
248 403 321 485 ΑΓ,
335 404 401 467 ΓΕ
408 403 676 485 comprehensum
690 403 840 486 prismati
854 403 978 468 duobus
987 404 1162 488 triangulis

185 501 261 592 ΓΖΒ,
281 510 387 572 ΛΕΘ
406 510 439 573 et
456 508 563 573 tribus
577 509 894 593 parallelogrammis
909 511 984 591 ΓΘ,
1006 511 1083 589 ΒΕ,
1101 511 1165 574 ΓΕ

185 612 381 696 comprehenso
410 615 545 698 aequale
572 617 635 697 est,
666 637 742 679 nam
771 615 878 697 planis
908 620 940 678 et
968 636 1102 679 numero
1130 618 1164 679 et

183 719 374 801 apianae
401 720 591 804 aequalibus
618 721 932 805 comprehenduntur
962 719 1038 802 [def.
1064 716 1161 805 10].1)

180 830 252 893 luere
270 828 377 890 totum
401 825 543 891 solidum
562 831 627 890 AB
650 826 750 910 planu
769 830 904 891 ΓΔΕΖ
927 828 961 891 in
985 826 1064 891 duas
1088 848 1162 909 par·

176 916 211 985 its
230 931 373 1015 aequales
397 936 522 997 sectum
546 936 609 1017 est3
634 931 720 1016 quod
743 937 814 998 erat
835 930 1131 998 demonstrandum.

215 1207 322 1278 Solida
349 1216 620 1301 parallelepipeda
647 1217 682 1280 in
709 1215 821 1281 eadem
849 1215 921 1280 basi
944 1215 1105 1281 collocata
1128 1220 1161 1279 et

143 1311 284 1405 fenden
304 1321 509 1386 altitudinem
522 1322 687 1406 habentia,
706 1343 844 1406 quorum
859 1324 966 1386 reatae
981 1321 1160 1387 eminentes

134 1411 166 1464 ¹¹¹
196 1418 320 1490 iisdem
342 1427 441 1492 rectis
464 1427 544 1511 sint,
566 1428 653 1492 inter
676 1449 709 1491 se
734 1426 882 1511 aequalia
906 1431 990 1492 sunt.

210 1524 254 1594 In
275 1532 387 1596 eadem
410 1532 482 1598 basi
495 1537 560 1598 AB
581 1534 685 1599 solida
702 1533 975 1618 parallelepipeda
989 1535 1073 1617 ΓΜ,
1092 1536 1163 1597 ΓΝ

675 1641 835 1706 collocata
854 1641 920 1705 sint
939 1639 1074 1704 eandem
1088 1639 1161 1703 alti-

594 1727 599 1766 ³
675 1747 821 1811 tudinem
834 1746 1004 1826 habentia,
1024 1765 1161 1828 quorum

635 1891 656 1938 N
674 1857 781 1917 reatae
796 1852 975 1916 eminentes
985 1854 1069 1932 ΑΗ,
1083 1852 1161 1930 ΑΖ,

676 1963 764 2039 ΛΜ,
784 1962 869 2040 ΛΝ,
892 1959 971 2039 ΓΔ,
992 1959 1067 2037 ΓΕ,
1085 1958 1162 2039 ΒΘ,

619 2078 627 2117 1
676 2068 744 2131 ΒΚ
771 2065 806 2128 in
834 2063 948 2127 iisdem
974 2062 1040 2126 sint
1063 2062 1158 2126 reetis

629 2241 652 2292 A
678 2175 759 2254 ZN,
778 2174 858 2235 ΔΚ.
895 2168 974 2252 dieo,
998 2189 1067 2232 esse
1088 2170 1149 2232 ru

677 2308 719 2330 =
733 2281 809 2343 ΓΝ.

209 2379 297 2446 Nam
329 2381 482 2465 quoniam
510 2388 683 2468 utrumque
707 2387 781 2470 ΓΘ,
809 2386 876 2448 ΓΚ
898 2381 1131 2467 parallelogran

96 2463 235 2555 Qum
259 2490 319 2570 est,
342 2488 403 2552 erit
425 2492 488 2554 ΓΒ
511 2490 640 2574 utrique
664 2493 748 2572 ΔΘ,
772 2493 840 2553 ΕΚ
863 2489 1005 2572 aequalis
1031 2486 1073 2570 [l,
1093 2486 1123 2551 3²

97 2572 243 2661 e{liare
273 2593 372 2659 etiam
401 2598 469 2659 ΔΘ
484 2626 525 2648 =
541 2599 617 2660 ΕΚ.
664 2595 842 2678 auferatur,
871 2615 953 2677 quae
980 2613 1114 2657 commu}

105 2692 202 2789 2⁸,
224 2704 298 2766 ΕΘ.
343 2701 452 2786 itaque
476 2707 548 2766 ΛΕ
561 2732 601 2754 --
618 2705 693 2767 ΘΚ.
738 2722 837 2786 quare
860 2701 960 2766 etiam

224 2810 329 2873 ΔΓΕ
341 2838 384 2862 ==
398 2811 502 2873 ΘΒΚ
525 2805 567 2895 [1,
589 2808 624 2889 4]
649 2811 681 2872 et
705 2810 781 2871 ΛΗ
791 2835 834 2859 =
850 2809 922 2870 ΘΝ
943 2804 984 2886 [1,
1007 2804 1074 2885 36].

116 2917 255 2985 διᾶραι
285 2913 324 2979 de
352 2935 450 2979 eausa
477 2915 540 2979 erit
566 2914 663 2979 etiam
696 2916 800 2979 ΑΖΗ
813 2942 855 2964 =
871 2915 994 2977 MAN.
1045 2932 1085 2974 ue

128 3026 360 3053 'x—...—-

215 3110 243 3179 1)
263 3107 333 3163 Cum
350 3106 398 3161 hie
415 3104 487 3160 nihil
505 3106 614 3160 adrem
628 3106 776 3174 pertineat,
795 3104 870 3171 quod
884 3102 1070 3172 parallelogra

34 3207 35 3240 l
140 3196 220 3250 qnae
238 3177 332 3235 solida
348 3177 597 3247 comprehendunt,
616 3178 645 3230 et
662 3175 725 3245 ipsa
744 3175 835 3230 solida
854 3175 952 3228 eadem
967 3171 1066 3228 similis

127 3252 225 3327 'parte
244 3248 305 3305 sula
322 3247 494 3304 definitionis
515 3253 548 3302 10
567 3265 633 3302 usus
651 3250 695 3302 est
712 3245 850 3301 Euclides.

144 3440 162 3469 Α
179 3440 248 3481 eurr.
267 3424 302 3481 V.
392 3429 436 3479 24.
451 3419 512 3479 ἐστί
526 3421 592 3489 ΡΒ,
612 3438 702 3491 comp.
721 3420 774 3476 Pb.
866 3416 950 3486 ἐστίν,
968 3415 1014 3490 τό]
1040 3415 1048 3472 i

292 3490 428 3550 “¹⁰an
503 3491 852 3568 aaAzfflfflzBl.
