2340 3818
346 163 622 216 muuuuuoauu
640 167 753 220 mmm
770 170 817 224 x1.
1046 166 1090 232 85

75 304 131 368 eril
160 304 262 369 etiam
285 309 353 370 ΚΘ
366 335 401 360 ω
414 309 483 371 ΗΖ
506 312 540 374 et
563 313 628 374 ΖΕ
639 339 675 365 ω
689 314 760 375 ΘΒ.
801 310 910 395 ilaque
932 313 997 377 tria
1018 334 1090 396 par-

74 409 318 497 allelogramma
337 412 433 478 solidi
447 417 514 479 ΓΔ
533 415 639 481 tribus
658 417 977 502 parallelogrammis
992 419 1088 484 solidi

736 527 802 588 AA
814 523 932 588 similia
941 528 1025 588 suni
1037 546 1091 591 ua·

737 651 809 693 rum
833 629 867 693 in
884 632 1022 713 utroque
1040 652 1091 696 so·

641 779 664 825 A
737 735 803 800 lido
830 736 896 800 tria
918 735 1091 819 parallele-

461 827 704 1147 &Q
737 862 886 927 gramma
970 842 1091 920 tribus,

738 971 819 1033 quae
856 949 897 1014 iis
939 948 1092 1032 opposita

737 1052 1091 1141 sunl‚aequalia¹)sunl

519 1154 542 1201 A
674 1155 699 1206 Β
737 1164 770 1225 el
793 1160 923 1228 similia.
981 1162 1091 1244 itaque

736 1267 803 1329 ΓΔ
817 1295 852 1320 ω
866 1271 898 1330 A
904 1271 935 1332 A
959 1265 1035 1347 [def.
1044 1266 1090 1346 9].

140 1368 229 1455 Ergo
253 1370 289 1434 in
308 1369 386 1435 dala
403 1373 493 1436 reela
510 1375 580 1435 AB
600 1371 677 1437 dato
696 1372 799 1438 solido
816 1371 1090 1456 parallelepipedo

80 1477 144 1539 ΓΔ
168 1475 275 1540 simile
298 1479 332 1540 et
354 1476 504 1542 similiter
526 1477 670 1562 positum
692 1481 914 1545 eonslruelum
939 1481 989 1543 est
1008 1481 1089 1561 ΑΛ;

80 1581 159 1665 quod
183 1581 358 1666 aporiabat
380 1582 458 1647 fieri.

506 1794 659 1861 XXVIII.

141 1917 176 1984 Si
205 1918 345 1983 solidum
368 1918 681 2003 parallelepipedum
705 1920 879 1986 seeundum
903 1917 1090 2002 diagonales

80 2024 246 2106 planorum
269 2024 356 2088 iuter
375 2045 408 2088 se
427 2025 652 2108 oppositorum
669 2026 768 2109 plano
787 2027 927 2108 secatur,
952 2022 1091 2088 solidum

81 2129 173 2212 plano
197 2129 339 2194 induas
363 2133 473 2213 partes
497 2130 648 2214 aequales
672 2131 843 2197 secabilur.

328 2284 354 2334 Z
464 2250 473 2267 ·
544 2235 631 2303 Nam
639 2237 777 2303 solidum
785 2236 1092 2323 parallelepipedum

117 2284 145 2340 B
478 2346 544 2407 AB
563 2344 661 2427 plano
677 2347 807 2408 ΓΔΕΖ
827 2343 1000 2409 seeundum
1025 2342 1092 2407 dia-

85 2474 105 2528 e
479 2451 612 2533 gonales
635 2452 806 2534 planorum
824 2453 899 2532 ΓΖ,
917 2454 988 2514 ΔΕ
1008 2449 1093 2512 inter

427 2579 513 2640 μθ
533 2557 757 2640 oppositorum
776 2559 909 2622 secetur.
941 2555 1022 2636 dico,
1041 2575 1093 2618 so·

480 2663 580 2728 lidum
600 2667 666 2728 AB
689 2664 787 2747 plano
807 2665 940 2728 ΓΔΕΖ
959 2662 994 2725 in
1013 2660 1093 2725 duas

175 2771 200 2822 Δ
382 2773 407 2822 Α
479 2773 589 2854 paries
614 2769 765 2853 aequales
789 2768 901 2833 secari.

142 2875 306 2953 Quoniam
337 2875 423 2941 enim
453 2879 553 2940 ΓΗΖ
569 2906 610 2928 =
626 2878 720 2940 ΓΖΒ
753 2879 786 2939 al
813 2878 922 2938 ΑΔΕ
934 2904 976 2927 =
992 2877 1095 2937 ΔΕΘ

75 2982 119 3068 [1,
143 2984 216 3067 34],
240 2987 273 3046 et
295 2985 463 3066 praeterea
486 2984 550 3046 ΓΑ
566 3012 607 3034 =
623 2987 689 3046 ΒΕ
716 2979 806 3067 (nam
829 2981 914 3046 inler
937 3004 971 3046 se
995 3002 1094 3064 oppo-

72 3091 139 3154 sita
160 3085 252 3172 sunt)
272 3091 304 3151 el
319 3091 394 3152 ΗΕ
407 3118 449 3140 ==
465 3089 526 3152 ΓΘ
546 3090 651 3173 [prop.
665 3086 788 3168 XXIV]
795 3137 804 3171 ‚
826 3087 949 3171 prisma
968 3087 1094 3151 duobus

75 3213 292 3224 ————

150 3282 176 3350 1)
194 3279 237 3334 Ex
255 3294 334 3348 prop.
354 3277 453 3332 XXIV.
492 3293 541 3333 cur
559 3279 658 3334 eadem
677 3277 782 3333 similia
800 3278 865 3346 siut,
885 3294 969 3347 supra
987 3277 1092 3331 dicium

74 3354 119 3407 est
140 3369 168 3422 p.
194 3355 227 3406 Π
250 3351 308 3405 nol.
353 3349 406 3404 hoa
434 3349 493 3404 solo
516 3349 618 3417 alitum
646 3367 711 3404 uam
740 3351 772 3403 ut
799 3349 966 3404 adhibeatur
989 3348 1041 3402 def.
1068 3354 1093 3414 9,

76 3422 222 3548 ming?
245 3420 449 3489 demonstrare,
477 3419 533 3475 duo
561 3421 651 3476 solida
680 3419 808 3475 omnibus
835 3420 928 3490 planis
953 3417 1093 3472 similibus
