2340 3818
107 152 172 217 326
478 151 681 204 ΣΤοωωιοα
699 149 749 219 η’.

173 294 269 380 Λέγω
294 292 352 380 δή,
381 292 431 362 ὅτι
460 290 480 378 ἡ
503 297 565 360 τοῦ
591 292 825 378 δωδεκαέδρου
850 287 979 377 πλευρὰ
1003 287 1120 375 άλογός

107 397 240 486 ἐστινὴ
265 401 454 487 καλουμένη
478 397 639 486 άποτομή.

170 504 259 575 Ἐπεί
282 507 348 595 γάρ
371 511 429 593 τῆς
452 513 491 574 Ν
494 514 523 574 0
550 504 656 593 άκρον
678 505 734 573 καί
757 506 861 592 μέσον
884 504 989 590 λόγον
1013 529 1121 589 τετμη-

106 614 207 700 μένης
229 613 267 682 τδ
288 620 400 701 μεῖζον
422 612 533 700 τμῆμά
557 615 648 681 ἐστιν
666 610 687 699 ἡ
708 618 783 698 ΡΟ,
801 616 860 698 τῆς
880 610 917 678 δέ
940 611 1005 687 ΟΞ
1021 607 1121 694 ἄκρον

70 720 161 787 σκαί
184 722 288 806 μέσον
312 721 416 806 λόγον
439 720 642 807 τετμημένης
663 717 701 788 τὸ
725 725 838 807 μεῖζον
860 717 973 805 τμῆμά
993 714 1120 802 ἐστινὴ

107 833 187 912 ΟΣ,
212 827 291 913 ὅλης
314 827 380 913 άρα
403 830 460 912 τῆς
474 832 513 893 Ν
514 829 544 902 Ξ
564 824 671 914 άκρον
689 825 745 894 καὶ
764 827 868 912 μέσον
885 823 990 909 λόγον
1009 848 1122 910 τεμνο-

104 934 207 1019 μένης
228 932 266 1001 τὸ
291 939 402 1019 μεῖζον
425 931 536 1019 τμῆμά
560 933 650 1001 ἐστιν
677 929 699 1018 ἡ
723 939 794 1000 ΡΣ.
841 925 915 1000 οἷον
939 933 1016 999 ἐπεί
1035 931 1122 998 ἐστιν

105 1036 149 1117 ὡς
175 1036 196 1125 ἡ
221 1045 291 1106 ΝΟ
319 1036 401 1128 πρὸς
428 1036 491 1126 τὴν
522 1044 597 1122 ΟΡ,
624 1036 645 1125 ἡ
676 1046 739 1106 ΟΡ
762 1037 845 1127 πρὸς
871 1036 934 1125 την
957 1044 1040 1123 ΡΝ,
1070 1037 1122 1104 καί

104 1142 144 1212 τά
174 1144 345 1213 διπλάσια·
373 1145 413 1213 τά
442 1144 507 1232 γάρ
530 1147 613 1232 μέρη
640 1157 710 1225 τοῖς
733 1144 840 1225 ἰσάκις
863 1149 1123 1223 πολλαπλασίοις

52 1271 86 1319 10
104 1248 163 1319 τδυ
188 1249 292 1318 αὐτὸν
316 1256 382 1338 ἔχει
406 1251 522 1337 λόγον·
552 1249 596 1332 ὡς
623 1249 689 1339 άρα
717 1248 738 1337 ἡ
762 1253 832 1328 ΝΞ
851 1252 935 1339 πρὸς
955 1251 1021 1338 τὴν
1044 1258 1122 1335 ΡΣ,

104 1354 211 1436 οὕτως
228 1353 249 1442 ἡ
265 1364 331 1424 ΡΣ
346 1355 430 1443 πρὸς
449 1357 707 1445 συναμφότερον
726 1355 789 1445 τὴν
803 1364 883 1442 ΝΡ,
903 1359 979 1435 ΣΞ.
1002 1363 1122 1444 μείζων

104 1463 141 1530 δέ
169 1460 279 1548 ἡΝΞ
302 1469 361 1550 τῆς
389 1472 465 1532 ΡΣ·
494 1470 613 1551 μείζων
641 1463 708 1552 άρα
734 1464 790 1562 καὶ
818 1461 839 1550 η
863 1471 928 1531 ΡΣ
949 1482 1122 1552 συναμφο-

102 1569 201 1657 τέρου
232 1580 291 1657 τῆς
323 1577 403 1654 ΝΡ,
436 1573 517 1646 ΣΞ·
549 1568 570 1656 ἡ
599 1573 668 1646 ΝΞ
695 1569 761 1660 άρα
793 1569 898 1659 άκρον
929 1571 986 1638 καὶ
1019 1574 1123 1657 μέσον

102 1674 205 1761 λόγον
232 1677 401 1763 τέτμηται,
431 1677 486 1744 καί
513 1675 552 1744 τὸ
581 1682 694 1763 μεῖζον
722 1674 825 1763 αὐτῆς
851 1675 961 1764 τμῆμά
987 1679 1080 1745 ἐστιν
1102 1675 1122 1764 ἡ

49 1800 83 1850 15
102 1789 173 1850 ΡΣ.
220 1791 275 1868 ίση
305 1782 343 1850 δέ
366 1781 386 1869 η
411 1790 476 1850 ΡΣ
496 1786 536 1871 τη
563 1789 641 1850 ΥΦ·
669 1787 727 1870 της
755 1781 820 1872 άρα
843 1785 912 1858 ΝΞ
937 1781 1046 1871 άκρον
1069 1784 1123 1851 καί

102 1889 205 1974 μέσον
225 1888 327 1974 λόγον
347 1889 554 1975 τεμνομένης
571 1886 608 1957 τὸ
629 1895 741 1976 μεῖζον
763 1888 875 1976 τμῆμά
894 1888 1026 1976 ἐστινὴ
1051 1899 1079 1959 Y
1086 1899 1123 1960 Φ.

101 1995 157 2061 καί
180 1996 250 2063 ἐπεὶ
274 1994 356 2082 ῥητή
382 1997 472 2063 ἐστιν
495 1992 515 2082 ἡ
539 1999 599 2082 τῆς
621 2001 766 2084 σφαίρας
785 1996 961 2083 διάμετρος
977 2004 1039 2065 καί
1055 1975 1124 2067 έστι

102 2101 244 2188 δυνάμει
262 2108 469 2189 τριπλασίων
488 2105 546 2188 τῆς
563 2105 623 2170 τοῦ
644 2101 752 2187 κύβου
770 2107 929 2190 πλευράς,
953 2106 1038 2191 ῥητη
1058 2103 1123 2194 άρα

101 2207 192 2293 Ιἐστὶν
220 2205 240 2293 ἡ
265 2210 334 2282 ΝΞ
360 2207 487 2296 πλευρά
516 2200 603 2277 οὖσα
630 2212 691 2276 τοῦ
721 2207 838 2294 κύβου.
884 2207 943 2277 ἐάν
972 2210 1010 2278 δὲ
1040 2210 1123 2299 ῥητὴ

46 2332 83 2380 νο
101 2310 235 2399 γραμμὴ
260 2309 366 2400 άκρον
389 2315 445 2381 καὶ
469 2315 572 2401 μέσον
596 2313 701 2400 λόγον
724 2319 854 2403 τμηθῇ,
877 2314 1037 2403 ἑκάτερον
1056 2322 1124 2387 τῶν

100 2418 280 2505 τμημάτων
302 2417 426 2505 άλογός
450 2422 541 2488 ἐστιν
566 2419 726 2507 ἀποτομή.

163 2522 209 2591 Ἡ
231 2532 295 2592 ΤΦ
318 2523 383 2612 άρα
407 2525 533 2614 πλευρά
557 2519 642 2594 οὖσα
664 2530 727 2594 τοῦ
747 2529 981 2616 δωδεκαέδρου
999 2526 1125 2617 άλογός

102 2633 192 2698 ἐστιν
216 2629 375 2718 άποτομή.

175 2832 198 2879 1.
218 2823 251 2897 ἡ]
270 2843 323 2882 om.
344 2844 370 2894 q.
443 2834 468 2882 3.
488 2827 556 2882 Post
573 2833 622 2895 τῆς
641 2828 692 2882 ins.
713 2826 765 2898 μέν
784 2847 820 2884 m.
839 2845 895 2883 reo.
913 2829 944 2884 P.
1025 2852 1125 2901 τεμνο·

103 2895 189 2965 μένης
203 2895 238 2963 Ρ;
258 2898 327 2952 item
345 2898 393 2953 lin.
410 2904 435 2952 5.
509 2906 532 2953 6.
553 2897 726 2969 τετμημένης
744 2900 794 2968 bq.
868 2905 892 2953 8.
916 2901 990 2971 ΝΟ]
1012 2905 1078 2957 ΟΝ
1094 2905 1125 2961 Β,

193 2969 259 3039 ΟΡ]
280 2968 379 3038 (prius)
399 2985 414 3022 e
433 2985 502 3023 corr.
522 2968 560 3036 V3
588 2969 655 3024 dein
673 2971 729 3024 del.
748 2970 797 3024 καὶ
815 2966 851 3024 τά
870 2967 1013 3028 διπλάσια.

103 3045 128 3093 9.
149 3035 252 3110 ἰσάκις]
273 3036 405 3102 ὡσαύτως
423 3041 454 3093 Β.
530 3045 571 3094 10.
587 3036 636 3112 ὡς]
656 3041 705 3096 καλ
724 3038 762 3103 ὡς
775 3042 802 3096 b.
877 3046 918 3096 15.
938 3044 1001 3102 ΝΞ
1020 3040 1080 3115 ἄρα
1100 3066 1126 3116 q.

178 3117 218 3165 16.
239 3108 412 3181 τετμημένης
429 3112 480 3180 bq.
537 3112 634 3166 ΦΤΡ.
687 3117 728 3166 17.
749 3109 824 3168 ἐστιν
842 3112 901 3167 PB.
951 3114 993 3169 De
1015 3117 1127 3173 scholio

104 3217 225 3284 quodam
244 3217 274 3270 in
292 3217 379 3304 P,hic
398 3203 586 3304 adscriptq'u.
605 3234 670 3288 app.
795 3225 838 3276 20.
858 3217 984 3309 ηρηιμμή]
1004 3207 1079 3293 ’έμη
1099 3226 1128 3295 b,

104 3304 172 3341 corr.
193 3307 228 3344 m.
250 3294 279 3354 13
299 3292 404 3342 ευδεῖα
423 3308 536 3358 ηραμμη
555 3306 581 3357 q.
646 3287 780 3360 τέτμηται
799 3309 825 3360 q.
891 3310 1013 3360 εκατερα
1034 3314 1062 3365 q.

104 3363 147 3412 21.
168 3354 278 3426 ἐστινὴ
299 3357 458 3429 καλουμένη
477 3360 566 3429 Vbq,
591 3377 606 3415 e
625 3376 693 3417 corr.
713 3379 750 3415 m.
770 3362 836 3416 213.
945 3368 988 3416 23.
1010 3360 1090 3422 ἔστιν
1110 3364 1128 3439 ἡ

99 3427 263 3502 καλουμένη
284 3429 364 3502 Vbq.
