2340 3818
343 129 618 183 mlfflNTORUM
635 130 745 181 LIBER
761 131 823 184 XII.
1026 126 1091 193 217

71 271 186 355 itaque
213 271 313 337 ctiam
345 271 510 357 cylindrus
543 272 584 336 ad
614 271 797 356 cylindrum
829 294 902 338 eam
930 273 1092 338 rationem

72 377 177 443 habet
200 400 298 462 quam
321 374 424 443 321³:
439 375 528 444 ZW.

140 483 232 568 Ergo
256 485 382 550 similes
405 485 479 551 coni
506 487 539 548 et
561 485 699 568 cylindri
725 485 924 569 triplicatam
948 485 1034 549 inter
1057 507 1092 551 se

70 591 238 655 rationem
269 591 392 655 habent
424 611 522 675 quam
553 590 706 656 diametri
733 591 874 675 basium3
908 591 994 674 quod
1022 595 1093 658 erat

72 697 372 762 demonstrandum.

459 804 463 813 ’
538 836 628 902 xm.

143 960 180 1028 Si
208 962 371 1048 cylindrus
399 963 499 1048 plano
530 963 637 1047 planis
670 963 829 1049 oppositis
857 963 1016 1048 parallelo
1045 985 1093 1027 se·

74 1072 180 1153 catur,
198 1069 262 1134 erit
280 1073 317 1134 ut
335 1069 502 1154 cylindrus
522 1070 562 1133 ad
577 1068 769 1153 cylindrum,
787 1070 835 1134 ita
849 1069 919 1134 axis
935 1069 974 1134 ad
990 1091 1093 1135 axem.

141 1174 229 1241 Nam
261 1174 425 1259 cylindrus
458 1180 529 1238 ΑΔ
560 1174 660 1258 plano
692 1178 759 1239 ΗΘ
790 1174 898 1259 planis
932 1176 1092 1260 oppositis

72 1285 156 1366 AB,
180 1284 243 1346 ΓΔ
260 1281 416 1365 parallelo
436 1283 575 1363 secetur,
598 1283 631 1344 et
649 1280 783 1363 planum
798 1284 865 1345 ΗΘ
883 1303 956 1346 cum
976 1304 1036 1347 axe
1058 1282 1093 1347 in

73 1391 196 1473 puncto
220 1392 255 1453 K
276 1391 454 1453 concurrat.
500 1386 585 1472 dico,
609 1409 679 1452 esse

365 1515 799 1579 BH:HA=EK:KZ.

78 1636 275 1718 producatur
303 1636 389 1700 enim
422 1635 492 1700 axis
519 1640 586 1700 ΕΖ
618 1637 659 1702 ad
690 1641 860 1722 utramque
893 1641 1021 1720 partem
1052 1638 1092 1702 ad

76 1746 199 1825 puncta
217 1746 263 1825 A,
285 1746 338 1826 M,
362 1745 395 1806 et
417 1745 581 1825 ponantur
600 1743 653 1808 axi
672 1748 741 1808 ΕΚ
759 1745 908 1828 aequales
933 1743 1094 1827 quotlibet

93 1941 116 1993 o
197 1954 204 1971 ι
661 1855 770 1915 rectae
803 1853 885 1932 ΕΝ,
921 1852 1007 1926 NA,
1040 1849 1093 1913 axi

279 1944 394 2002 *H
443 1994 448 1996 ,
513 1945 536 1994 T
579 1940 599 1990 Φ

99 2208 206 2255 52
277 2205 304 2253 B
366 2205 458 2257 ΘΔ
513 2204 537 2253 Γ
580 2202 605 2253 X
662 2166 1092 2251 EM,eb0Xfillgabur

665 2274 831 2358 cylindrus
853 2273 889 2338 in
913 2295 972 2338 axe
1001 2277 1092 2358 AM,

73 2384 167 2449 cuius
199 2383 295 2447 bases
328 2386 405 2466 sunt
437 2380 549 2447 circuli
578 2383 659 2463 ΟΠ,
694 2384 768 2446 ΦΧ.
818 2383 852 2445 et
882 2402 940 2464 per
971 2383 1093 2463 puncta

74 2494 124 2574 N,
151 2488 182 2562 Ξ
205 2489 304 2571 plana
326 2487 431 2570 planis
454 2490 534 2571 ΑΒ,
560 2489 593 2550 Γ
590 2492 623 2550 Α
651 2491 683 2550 et
710 2486 843 2552 basibus
867 2486 1005 2570 cylindri
1029 2489 1097 2550 ΟΧ

73 2595 235 2681 parallela
257 2594 416 2659 ducantur
438 2597 471 2657 et
494 2593 631 2657 circulos
654 2597 731 2678 ΡΣ,
758 2596 823 2656 TT
842 2593 963 2657 circum
981 2596 1093 2657 centra

74 2705 125 2787 N,
146 2700 176 2776 Ξ
197 2700 347 2765 efficiant.
385 2702 419 2763 et
441 2700 594 2783 quoniam
618 2721 693 2763 axes
713 2700 796 2782 AN,
814 2702 898 2783 NE,
916 2702 986 2762 ΕΚ
1006 2698 1093 2763 inter

76 2964 175 3019 Theon
195 2963 303 3034 (BVq).
394 2959 426 3018 τὸ
449 2967 479 3017 H
483 2965 508 3018 Θ
527 2959 677 3034 ἐπίπεδον]
696 2978 750 3017 om.
770 2961 868 3016 Theon
886 2961 993 3031 (BVq).

77 3042 120 3091 18.
138 3037 303 3090 κείσθωσαν
322 3052 349 3120 9.
422 3040 465 3090 20.
485 3035 582 3089 καί-
596 3039 640 3088 21.
659 3030 770 3104 κύκλοι]
790 3050 844 3087 om.
865 3033 964 3089 Theon
984 3033 1092 3104 (BVq).

150 3112 194 3162 22.
215 3101 410 3179 ἕκβεβλησθω]
431 3102 542 3175 διήχθω
562 3104 661 3160 Theon
678 3102 788 3174 (BVq).
869 3107 903 3158 N
908 3105 961 3174 ,Ξ
995 3110 1031 3171 A,
1052 3108 1093 3173 Ν,

75 3178 115 3247 Ξ,
132 3182 170 3232 Μ
184 3177 282 3231 Theon
297 3174 407 3262 (13qu.
485 3181 528 3231 23.
546 3182 609 3238 ταῖς
626 3171 726 3246 βάσεσι
744 3206 778 3216 -
797 3179 840 3231 25.
859 3171 962 3244 κέντρα
994 3171 1093 3243 νενοή-

77 3251 196 3303 σθωσαν
223 3243 256 3304 ἐν
278 3253 337 3309 τοῖς
355 3249 405 3301 δια
421 3248 478 3302 τῶν
496 3252 533 3314 A,
556 3249 600 3316 N,
624 3248 662 3314 Ξ,
685 3250 722 3300 Μ
738 3243 884 3309 ἐπιπέδοις
905 3265 958 3315 περ
988 3246 1094 3316 κέντρα

73 3315 108 3373 σὰ
123 3324 162 3386 A,
176 3321 219 3386 N,
234 3319 273 3387 Ξ,
287 3318 334 3385 Μ,
353 3315 453 3374 κύκλοι
466 3315 496 3373 οἱ
508 3320 575 3383 ΟΠ,
589 3320 649 3385 ΡΣ,
666 3321 729 3388 TT,
748 3321 802 3372 ΦΧ
814 3321 869 3373 ἴσοι
881 3325 941 3381 τοῖς
954 3321 1013 3384 AB,
1033 3321 1092 3373 ΓΔ.

73 3389 123 3445 καὶ
138 3384 344 3458 νενοήσθωσαν
358 3386 503 3455 κύλινδροι
517 3385 546 3444 οἱ
557 3392 588 3443 Π
591 3393 626 3457 Ρ,
640 3392 703 3456 ΡΒ,
717 3393 743 3442 Δ
751 3394 787 3459 Τ,
803 3393 861 3444 ΤΧ
872 3389 971 3444 Theon
985 3386 1092 3459 (BVq).

146 3466 190 3517 23.
209 3457 326 3532 βάσεσιν
339 3460 371 3519 Ρ.
443 3466 486 3517 25.
503 3457 533 3515 οἱ
539 3461 615 3531 AN]
634 3477 691 3529 mg.
710 3478 747 3517 m.
768 3467 782 3514 1
801 3461 836 3517 V.
