2340 3818
102 170 168 234 320
476 171 677 223 Σοουοααα
695 167 745 239 η’.

103 310 211 400 ὀρθάς
234 314 333 380 έστιυ.
370 310 429 380 ἐὰν
453 311 491 379 δὲ
514 311 577 379 δύο
599 317 746 399 τρίγωνα
769 313 917 398 συντεθῇ
936 305 1021 376 κατὰ
1039 312 1112 394 μίαν

101 423 241 504 γωνίαν,
269 414 315 496 ὡς
342 417 383 485 τὰ
410 424 528 503 ΨΟΘ,
557 423 670 503 ΘΤΧ,
698 415 758 496 τὰς
785 415 848 483 δύο
876 413 1025 501 πλευρὰς
1049 426 1116 493 ταῖς

103 523 202 591 δυσὶν
230 521 400 610 ἀνάλογον
428 529 563 611 ἔχοντα,
595 521 679 592 ὥστε
705 520 764 603 τὰς
790 520 981 608 ὁμολόγους
1010 517 1115 588 αὐτῶν

101 627 246 716 πλευρὰς
268 629 324 696 καὶ
346 628 579 716 παραλλήλους
601 628 699 715 εἶναι,
723 630 761 695 αἱ
781 629 895 696 λοιπαὶ
914 626 1049 697 εὐθεῖαι
1069 623 1115 693 ἐπ’

68 756 83 804 5
104 733 240 815 εὐθείας
263 729 408 803 ἔσονται·
432 732 482 803 ἐπ’
509 734 644 814 εὐθείας
666 733 732 823 ἅμα
751 732 880 820 έστὶνὴ
905 741 975 802 ΨΘ
992 736 1033 822 τῇ
1049 739 1116 800 ΘΧ.

101 846 191 911 πᾶσα
215 841 252 910 δέ
275 840 392 911 εὐθεῖα
416 844 453 909 ἐν
477 842 532 909 ἑνί
547 843 637 909 ἐστιν
658 842 813 932 ἐπιπέδῳ·
837 843 874 909 έν
893 840 945 909 ἑνὶ
965 839 1033 927 ἄρα
1054 841 1116 907 έπι-

105 949 194 1038 πέδῳ
219 947 287 1016 ἐστὶ
310 946 347 1014 τὸ
374 935 541 1015 ΥΒΧΓΦ
563 948 790 1033 πεντάγωνον.

170 1056 267 1140 Λέγω
291 1053 349 1140 δή,
375 1051 426 1122 ὅτι
448 1053 504 1121 καὶ
528 1053 710 1140 ἰσογώνιόν
734 1055 833 1123 ἐστιν.

167 1158 255 1227 Ἐπεὶ
282 1159 347 1247 γὰρ
371 1158 489 1228 εὐθεῖα
511 1159 645 1247 γραμμὴ
669 1157 690 1245 ἡ
714 1166 753 1227 Ν
756 1166 784 1226 O
807 1157 914 1246 ἄκρον
935 1158 993 1225 καὶ
1017 1158 1119 1244 μέσον

53 1287 85 1336 10
104 1265 208 1352 λόγον
230 1267 385 1352 τέτμηται
406 1264 489 1334 κατὰ
510 1265 549 1334 τὸ
568 1273 605 1352 Ρ,
627 1266 683 1333 καὶ
701 1264 740 1334 τὸ
764 1272 876 1353 μεῖζον
895 1262 1007 1352 τμῆμά
1033 1266 1120 1331 ἐστιν

34 1371 36 1374 ’
101 1369 123 1458 ἡ
149 1378 212 1439 ΟΡ
231 1376 336 1456 [ἔστιν
359 1371 426 1461 ἄρα
450 1370 495 1453 ὡς
517 1374 769 1461 συναμφότερος
791 1370 812 1459 ἡ
836 1379 925 1457 ΝΟ,
951 1377 1017 1437 ΟΡ
1037 1368 1120 1454 πρὸς

101 1476 163 1563 τὴν
188 1484 270 1562 ΟΝ,
294 1476 444 1564 οὕτωςη
468 1485 544 1546 NO
561 1477 648 1566 πρὸς
670 1477 733 1565 τὴν
758 1483 851 1563 OP]‚
874 1485 931 1564 ἴση
956 1476 994 1544 δὲ
1017 1477 1040 1563 ἡ
1067 1483 1125 1545 ΟΡ

102 1587 141 1672 τῇ
168 1591 235 1651 ΟΣ
261 1589 365 1668 [ἔστιν
385 1583 459 1671 ’ἄρα
487 1581 531 1664 ὡς
558 1582 579 1671 ἡ
604 1591 679 1652 ΣΝ
701 1582 785 1670 πρὸς
812 1584 875 1670 τὴν
902 1590 987 1666 ΝΟ,
1018 1581 1123 1662 οὕτως

106 1686 222 1775 ἡΝΟ
248 1688 332 1778 πρὸς
357 1689 419 1777 τὴν
444 1695 543 1776 οΣ],
571 1687 692 1778 η”ΝΣ
715 1688 782 1775 ἄρα
809 1688 914 1777 ἄκρον
940 1689 997 1756 καὶ
1023 1690 1124 1776 μέσον

51 1816 82 1863 15
102 1799 206 1882 λόγον
229 1799 385 1883 τέτμηται
407 1795 488 1864 κατὰ
510 1795 546 1864 τὸ
570 1803 611 1880 Ο,
634 1797 690 1864 καὶ
712 1795 749 1864 τὸ
771 1803 882 1884 μεῖζον
901 1795 1016 1882 τμῆμά
1037 1798 1123 1863 ἐστιν

101 1901 121 1988 ἡ
142 1910 177 1970 Ν
182 1910 222 1970 0·
245 1901 287 1971 τὰ
311 1901 377 1991 ἄρα
400 1902 466 1971 ἀπὸ
489 1907 559 1969 τῶν
578 1908 753 1988 ΝΣ,Σο
774 1901 953 1990 τριπλάσιά
974 1904 1047 1970 ἐστι
1065 1905 1122 1969 τοῦ

101 2005 165 2075 ἀπὸ
189 2012 247 2095 τῆς
270 2016 350 2077 ΝΟ.
396 2019 450 2094 ἴση
481 2008 519 2076 δὲ
545 2006 567 2094 ἡ
591 2007 654 2095 μὲν
677 2013 746 2074 ΝΟ
768 2011 808 2095 τῇ
833 2013 917 2093 ΝΒ,
946 2005 967 2094 ἡ
993 2008 1033 2076 δέ
1059 2015 1123 2075 ΟΣ

101 2117 140 2202 τῇ
164 2122 246 2182 ΣΦ·
274 2114 314 2181 τὰ
342 2113 407 2203 ἄρα
434 2113 499 2182 ἀπὸ
528 2117 596 2181 τῶν
619 2119 704 2199 ΝΣ,
733 2121 807 2181 ΣΦ
833 2112 1031 2201 τετράγωνα
1054 2140 1121 2202 τρι·
1151 2118 1164 2133 ”

101 2217 224 2286 madoco}
249 2222 317 2288 ἐστι
339 2226 400 2289 τοῦ
423 2217 488 2289 αἰπὸ
511 2224 570 2306 τῆς
590 2226 671 2286 ΝΒ·
695 2218 779 2288 ὥστε
801 2218 841 2286 τὰ
860 2218 925 2289 ἀπὸ
946 2223 1017 2288 τῶν
1041 2224 1121 2304 ΦΣ,

48 2346 82 2394 20
101 2331 190 2410 ΣΝ,
218 2333 285 2393 ΝΒ
312 2325 533 2411 τετραπλάσιά
563 2327 631 2393 έστι
653 2330 717 2394 τοῦ
745 2325 811 2394 ἀπὸ
840 2328 898 2411 τῆς
922 2332 1002 2393 ΝΒ.
1052 2338 1121 2404 τοῖς

103 2431 140 2498 δέ
163 2428 228 2499 ἀπὸ
252 2435 321 2500 τῶν
344 2439 429 2518 ΣΝ,
459 2439 526 2500 ΝΒ
551 2440 627 2500 ἴσον
650 2434 719 2500 ἐστὶ
741 2432 780 2501 τὸ
803 2431 868 2500 ἀπὸ
891 2436 951 2518 τῆς
974 2438 1056 2498 ΣΒ·
1080 2428 1119 2498 τὰ

102 2535 167 2623 ἄρα
200 2535 264 2606 ἀπὸ
297 2548 366 2606 τῶν
394 2546 475 2624 ΒΣ,
509 2546 595 2622 ΣΦ,
626 2539 776 2606 τουτέστι
803 2536 840 2606 τὸ
872 2536 937 2607 ἀπὸ
966 2547 1027 2625 τῆς
1057 2543 1124 2605 ΒΦ

103 2640 206 2748 (ὀρθὴ
238 2642 302 2730 γὰρ
335 2641 355 2730 η
386 2641 450 2711 ὑπὸ
482 2651 583 2711 ΦΣΒ
612 2643 1026 2732 μωνία),-τετραπλάσιόν
1057 2647 1123 2713 ἐστι
1162 2724 1164 2745 Ι

101 2754 163 2816 τοῦ
191 2747 255 2817 ἆπό
283 2753 343 2836 τῆς
369 2757 450 2816 ΝΒ·
479 2753 578 2835 ὃαιλη
609 2749 674 2836 ἄρα
702 2751 792 2818 ἐστὶν
820 2747 840 2836 ἡ
868 2757 935 2817 ΦΒ
963 2754 1023 2836 τῆς
1046 2755 1124 2818 ΒΝ.

50 2873 83 2922 25
104 2859 171 2922 ἔστι
200 2855 238 2922 δέ
265 2856 321 2922 καὶ
349 2853 369 2941 ἡ
393 2862 461 2924 ΒΓ
482 2859 542 2940 τῆς
564 2863 640 2922 ΒΝ
662 2858 775 2942 διπλῆ
804 2864 858 2942 ἴση
887 2854 953 2942 ἅμα
981 2856 1077 2923 έστὶν
1103 2854 1122 2943 ἡ

103 2968 171 3028 ΒΦ
189 2965 227 3049 τῇ
248 2967 319 3029 ΒΓ.
358 2963 414 3029 καὶ
439 2961 508 3028 ἐπεὶ
528 2960 591 3030 δύο
612 2964 649 3028 αἱ
665 2970 743 3047 ΒΤ,
770 2969 835 3029 ΥΦ
854 2961 931 3029 δυσὶ
949 2974 1023 3041 ταῖς
1041 2969 1126 3048 ΒΧ,

104 3073 171 3134 ΧΓ
194 3074 264 3134 έσαι
293 3071 389 3152 εἰσίν,
421 3068 477 3134 καὶ
504 3067 602 3154 βάσις
629 3065 650 3153 ἡ
680 3075 748 3135 ΒΦ
774 3067 871 3154 βάσει
897 3071 937 3156 τῇ
965 3075 1033 3136 ΒΓ-
1059 3078 1126 3155 ἴση,

175 3283 199 3331 2.
221 3279 323 3348 ΘΤΧ]
346 3280 435 3333 ΟΤΧ
450 3279 485 3346 Β,
513 3282 683 3350 etbsupra
702 3281 853 3337 τοιθιο.
874 3286 899 3333 1.
1012 3287 1037 3335 3.
1062 3283 1128 3338 δυσὶ

104 3344 167 3418 (δύο
183 3351 211 3416 q)
226 3353 360 3418 πλευραῖς
373 3351 471 3405 Theon
486 3350 618 3421 (Bqu).
674 3347 797 3420 πλευρὰς
811 3345 905 3405 αὐτῶν
921 3369 948 3420 q.
1001 3357 1027 3408 4.
1040 3357 1129 3409 πλευ·

99 3416 167 3492 μα’ς]
186 3436 239 3476 om.
256 3419 289 3475 V.
353 3421 420 3493 καί]
439 3437 492 3478 om.
512 3422 542 3476 Ρ.
617 3426 641 3476 5.
662 3424 721 3475 ΟΧ
735 3424 762 3478 b.
834 3429 858 3476 6.
878 3417 897 3475 ἅ
917 3422 947 3492 α]
967 3419 1024 3492 γάρ
1046 3420 1126 3481 έστιν

88 3509 115 3561 q.
199 3488 334 3571 ἐπιπέδῳ
354 3489 413 3568 ἄρα
431 3492 463 3551 B.
537 3498 565 3550 ἵ.
586 3487 737 3564 ἒοτῆοτο.
754 3488 876 3559 mm
894 3443 929 3544 ὃ
982 3497 1127 3568 ww]
