2340 3818
108 168 151 232 52
481 165 682 219 ΣΤΟΙΧΕῙΩΝ
701 159 752 217 ια’.

111 311 277 395 δείξομεν,
307 307 358 377 ὅτι
386 307 441 375 καὶ
469 306 490 394 ἡ
515 315 581 374 ΔΖ
609 303 697 394 ὀρθή
726 307 794 373 ἐστι
824 303 907 394 πρὸς
933 306 971 371 τὸ
996 300 1123 372 ὑποκεί-

109 442 213 503 μενου
246 418 412 483 ἐπίπεδον.
467 412 533 482 ἀπὸ
566 417 627 480 τοῦ
659 409 765 481 αὐτοῦ
797 410 863 497 ἀρα
894 415 1035 497 σημείου
1066 413 1123 478 τοῦ

111 531 145 590 Δ
176 526 222 614 τῷ
250 519 459 611 ὑποκειμένῳ
489 521 631 609 ἐπιπέδῳ
660 518 724 586 δύο
753 515 883 586 εὐθεῖαι
906 514 990 601 πρὸς
1018 514 1125 603 ὀρθάς

111 629 333 714 ἀνεσταμέναι
357 625 443 693 εἰσὶν
467 625 520 693 ἐπὶ
542 623 583 692 τά
608 625 692 692 αὐτὰ
713 626 811 712 μέρη·
835 624 916 709 ὅπερ
935 622 1027 690 ἐστὶν
1047 619 1122 691 ἀδά

77 750 223 803 σνατον.
270 731 332 800 οὐκ
360 730 426 814 ἀρα
453 733 498 821 τῷ
521 727 729 822 ὑποκειμένῳ
753 731 895 820 ἐπιπέδῳ
919 727 984 796 ἀπὸ
1008 733 1072 796 τοῦ
1096 737 1125 808 Δ

111 845 252 926 σημείου
288 834 558 923 ἀνασταθήσεται
595 836 679 925 πρδς
711 832 818 923 ὀρθῶς
850 834 937 922 πλὴν
968 839 1029 919 τῆς
1063 842 1126 903 ΔΒ

111 950 227 1032 κοινῆς
248 948 351 1030 τομης
373 947 441 1011 τῶν
466 953 497 1010 Α
504 951 547 1028 Β,
572 949 637 1010 ΒΓ
656 944 830 1011 ἐπιπέδων.

175 1049 254 1116 ’Βάν
282 1048 348 1137 ἀρα
377 1048 440 1117 δύο
470 1051 608 1116 ἐπίπεδα
635 1050 798 1133 τέμνοντα
826 1045 952 1133 ἀλληλα
983 1050 1126 1139 ἐπιπέδῳ

112 1157 179 1223 τινὶ
202 1154 287 1243 πρὸς
310 1150 417 1239 ὀρθάς
439 1145 476 1242 ᾖ,
500 1154 555 1220 καὶ
579 1150 599 1238 η
619 1151 714 1238 κοινὴ
739 1153 852 1220 αὐτῶν
869 1152 952 1240 τομὴ
971 1163 1017 1243 τῳ
1039 1150 1127 1245 αὐτῷ

62 1280 95 1329 10
115 1262 256 1352 ἐπιπέδῳ
280 1259 364 1344 πρὸς
387 1258 496 1345 ὀρθάς
520 1264 625 1327 ἔσται·
649 1257 730 1347 ὅπερ
754 1263 821 1327 ἔδει
845 1261 958 1341 δείξαι.

598 1516 641 1557 ιι.

178 1611 266 1682 ’Βάν
295 1613 432 1701 στερεά
461 1619 586 1700 γωνία
613 1610 688 1681 ὑπὸ
715 1618 836 1701 τριῶν
865 1617 1022 1698 γωνιῶν
1053 1617 1131 1682 ἐπι-

114 1721 244 1786 πέδων
275 1721 518 1809 περιέχηται,
552 1719 623 1787 δύο
653 1716 867 1786 ὁποιαιοῦν
893 1724 960 1804 τῆς
989 1724 1132 1807 λοιπῆς

115 1827 291 1913 μείζονές
315 1830 392 1893 είσι
414 1825 538 1914 πάντη
562 1823 966 1910 μεταλαμβανόμεναι.

64 1952 95 1998 15
183 1931 309 2018 Στερεά
337 1929 401 2017 γὰρ
428 1937 535 2016 γωνία
562 1930 583 2016 ἡ
610 1928 694 2013 πρὸς
716 1933 760 2020 τῷ
785 1938 817 1997 Α
844 1927 909 1997 ὑπὸ
940 1936 1045 2015 τριῶν
1070 1960 1132 2018 γω-

115 2049 199 2105 νιῶν
230 2039 394 2105 ἐπιπέδων
426 2047 496 2105 τῶν
523 2033 588 2103 ὑπὸ
618 2042 731 2122 ΒΑΓ,
764 2042 881 2123 ΓΑΔ,
910 2045 1012 2104 ΔΑΒ
1040 2063 1133 2127 περι-

116 2145 257 2229 εχέσθω·
285 2145 381 2230 λέγω,
405 2141 457 2211 ὅτι
479 2146 548 2210 τῶν
571 2141 638 2212 ὑπὸ
664 2150 774 2229 ΒΑΓ,
798 2150 916 2228 ΓΑΔ,
941 2150 1043 2210 ΔΑΒ
1070 2172 1134 2230 γω-

116 2259 200 2316 νιῶν
230 2249 292 2317 δύο
322 2247 500 2318 ὁποιαιοῦν
526 2253 586 2335 της
612 2253 729 2334 λοιπῆς
757 2250 902 2334 μείζονές
931 2253 994 2313 είσι
1021 2249 1133 2339 πάντη

117 2354 456 2442 μεταλαμβανόμεναι.

65 2480 98 2529 20
183 2465 228 2528 Εί
254 2461 316 2548 μὲν
344 2452 407 2527 οὖν
436 2461 474 2525 αί
497 2456 563 2525 ὑπὸ
592 2463 705 2542 ΒΑΓ,
733 2461 852 2540 ΓΑΔ,
879 2461 983 2521 ΔΑΒ
1010 2467 1136 2541 γωνίαι

119 2575 189 2634 ίσαι
211 2567 370 2652 ἀλλήλαις
393 2568 494 2649 είσίν,
518 2562 685 2650 φανερόν,
710 2559 761 2628 ὅτι
785 2559 847 2629 δύο
872 2558 1051 2630 ὁποιαιοῦν
1077 2572 1136 2654 τῆς

118 2681 236 2760 λοιπῆς
263 2672 409 2758 μείζονές
432 2673 526 2737 είσιν.
572 2672 603 2736 εί
629 2667 667 2736 δέ
691 2666 743 2753 οὔ,
771 2674 852 2736 έστω
877 2674 996 2754 μείζων
1020 2667 1042 2755 ἡ
1066 2671 1134 2743 ὑπὸ

119 2785 235 2863 ΒΑΓ,
266 2774 322 2842 καὶ
351 2773 541 2841 συνεστάτω
569 2773 653 2859 πρὸς
683 2777 723 2860 τῇ
751 2781 816 2841 ΑΒ
849 2770 967 2864 εὐθείᾳ
999 2776 1055 2843 καὶ
1089 2783 1133 2870 τῷ

119 2884 203 2973 πρὸς
226 2882 309 2967 αὐτῇ
334 2882 457 2971 σημείῳ
490 2881 535 2970 τῳ
559 2888 591 2946 Α
614 2882 653 2968 τῇ
676 2876 743 2946 ὑπὸ
768 2887 873 2946 ΔΑΒ
896 2886 1004 2972 γωνίηι
1027 2884 1064 2950 ἐν
1088 2888 1133 2976 τῷ

193 3136 216 3182 1.
237 3122 279 3180 ὅτι
298 3126 347 3181 καλ
360 3121 392 3209 ἡ]
411 3143 465 3181 om.
480 3147 501 3195 φ
517 3128 584 3197 (non
598 3127 638 3195 F).
713 3128 777 3198 ΔΖ]
794 3122 880 3181 Δ”Ζ’
899 3128 926 3183 b.
999 3134 1025 3182 4.
1046 3125 1123 3187 ἐστίν

121 3219 175 3257 om.
194 3198 229 3251 V.
316 3204 340 3251 6.
359 3197 419 3267 της]
439 3213 454 3251 ε
474 3214 543 3252 corr.
557 3216 594 3254 m.
611 3204 625 3252 1
640 3198 667 3252 b.
740 3204 764 3253 8.
785 3194 907 3254 ἐπίπεδοι
922 3230 954 3238 -
971 3204 1012 3253 10.
1028 3202 1123 3267 δεῖξαι

121 3294 178 3326 ιω
196 3269 229 3323 V.
320 3274 345 3324 9.
365 3260 396 3340 ᾖ,
415 3269 481 3340 καί]
501 3285 581 3324 euan.
601 3268 631 3323 F.
715 3275 756 3324 14.
775 3272 887 3357 μείζους
904 3269 967 3338 ch.
1040 3270 1135 3343 πάντη

121 3359 178 3410 seq.
197 3357 250 3394 ras.
271 3345 285 3393 1
305 3340 359 3395 litt.
379 3340 409 3395 Ρ,
484 3344 525 3396 15,
546 3341 596 3394 τῶι
616 3357 684 3395 corr.
704 3341 734 3394 in
752 3350 784 3394 το
803 3358 839 3393 m.
860 3345 874 3392 1
893 3340 920 3394 b.
995 3346 1037 3396 16.
1056 3361 1136 3413 περι·

121 3411 232 3482 εχέσθω
252 3442 284 3452 -
306 3417 347 3468 17.
366 3411 489 3482 γωνιῶν]
508 3429 564 3480 mg.
584 3431 619 3465 m.
640 3416 655 3464 2
674 3411 708 3479 V,
727 3412 757 3466 in
774 3412 843 3466 text.
864 3427 934 3466 eras.
963 3414 1082 3479 γωνιῶν.

121 3489 164 3537 16,
185 3488 270 3538 ΓΔΑ
288 3484 315 3538 b,
389 3489 430 3538 20.
452 3483 547 3556 ΓΑΔ]
567 3488 592 3536 Δ
611 3499 626 3537 ε
645 3499 714 3538 corr.
733 3481 767 3536 V.
849 3487 892 3536 21.
911 3482 983 3552 ἴσαι]
1004 3480 1059 3537 τίσι
1077 3485 1138 3541 λὀαι

199 3567 221 3602 e
