2340 3818
98 139 163 207 336
468 143 670 195 Σοουιιιιον
688 138 738 211 ιγ’.

98 293 156 369 τῆς
178 290 250 350 ΒΔ.
294 285 414 371 τριπλῆ
443 282 480 350 δέ
507 280 529 369 ἡ
553 290 618 350 ΑΒ
640 292 701 368 τῆς
723 291 799 350 ΒΔ·
828 282 1029 368 τριπλάσιον
1050 281 1110 371 ἄρα

97 389 136 457 τὸ
160 387 227 457 ἀπὸ
251 392 310 476 τῆς
328 395 390 457 ΖΒ
412 392 473 457 τού
497 381 562 457 ἆπδ
586 399 644 476 τῆς
663 397 734 457 ΒΛ.
769 394 837 457 ἔστι
861 388 900 457 δέ
917 389 975 457 καὶ
994 387 1031 458 τδ
1050 386 1111 457 ἀπὸ

97 499 157 582 τῆς
175 504 241 562 ΑΔ
263 499 325 564 τοῦ
348 492 414 563 ιἰπδ
438 499 497 583 τῆς
514 503 582 564 ΛΒ
604 494 861 582 τετραπλάσιον·
885 499 988 582 διπλη
1012 493 1112 582 γδρὴ

99 611 166 669 ΑΔ
188 606 246 688 τῆς
265 609 346 668 ΔΒ·
369 608 481 688 μεῖζον
505 600 570 691 ἄρα
592 600 630 670 τὸ
650 598 715 670 ύπδ
733 606 792 689 τῆς
810 610 878 670 ΑΔ
894 604 957 671 τοῦ
976 600 1043 670 ἀπὸ
1061 607 1115 688 της

66 715 176 775 ῡΖΒ·
204 714 324 795 μείζων
351 707 416 795 ἄρα
443 707 464 795 ἡ
488 716 558 777 ΑΔ
584 713 643 796 τῆς
667 716 742 778 ΖΒ·
770 712 882 802 πολλῷ
912 708 978 797 ἄρα
1005 707 1026 796 ἡ
1055 715 1113 777 ΑΛ

100 817 158 900 τῆς
185 821 245 882 ΖΒ
278 820 397 902 μείζων
431 819 530 884 ἐστίν.
574 815 630 883 καί
657 819 716 902 τῆς
743 816 805 903 μὲν
832 821 896 882 ΑΛ
930 813 1037 904 ἄκρον
1065 815 1116 883 καί

100 921 204 1006 μέσον
226 919 330 1007 λόγον
348 922 553 1008 τεμνομένης
570 920 608 989 τὸ
628 926 740 1008 μεῖζον
759 922 871 1008 τμῆμά
888 921 981 990 έστιν
998 920 1020 1008 ἡ
1040 928 1116 1008 ΚΛ,

101 1026 277 1115 ἐπειδήπερ
300 1024 321 1113 ἡ
345 1027 408 1113 μὲν
424 1033 493 1095 ΛΚ
514 1026 686 1113 ἑξαγώνου
708 1029 810 1114 έστίν,
833 1024 854 1114 ἡ
878 1027 916 1096 δέ
933 1033 1000 1095 KA
1024 1031 1115 1096 δεκα-

100 1132 228 1218 γώνου·
250 1142 309 1220 τῆς
333 1133 370 1202 δὲ
390 1140 451 1201 ΖΒ
470 1131 576 1220 ἄκρον
594 1135 650 1202 καί
668 1134 773 1221 μέσον
791 1133 898 1221 λόγον
915 1135 1117 1222 τεμνομένης

51 1257 83 1306 10
101 1237 139 1307 ιδ
163 1245 275 1326 μεῖζον
299 1239 410 1328 τμῆμά
434 1242 525 1309 ἐστιν
547 1237 569 1327 ἡ
594 1247 675 1308 ΝΒ·
698 1247 818 1328 μείζων
841 1239 908 1328 ἄρα
929 1237 950 1328 ἡ
975 1247 1043 1309 ΚΛ
1064 1245 1118 1327 τῆς

101 1352 179 1413 ΝΒ.
216 1353 271 1432 ἰση
300 1345 338 1414 δὲ
365 1342 386 1432 ἡ
410 1353 475 1414 ΚΛ
502 1349 543 1434 τῇ
568 1352 654 1414 ΛΜ·
682 1351 803 1433 μείζων
830 1345 896 1432 ἄρα
918 1343 939 1432 ἡ
964 1351 1048 1414 ΛΜ
1065 1349 1118 1433 τῆς

102 1457 169 1518 ΝΒ
199 1455 270 1538 [τῆς
296 1452 334 1521 δὲ
357 1459 438 1519 ΛΜ
460 1457 581 1539 μείζων
609 1452 700 1520 έστίν
726 1449 747 1539 ἡ
772 1457 871 1538 ΜΒ].
916 1460 1031 1544 πολλῷ
1057 1451 1118 1537 ἄρα

102 1553 122 1641 ἡ
146 1563 218 1624 ΜΒ
241 1555 367 1644 πλευρὰ
393 1549 479 1625 ούσα
500 1567 562 1625 τοῦ
587 1558 804 1646 εἰκοσαέδρου
826 1562 947 1645 μείζων
971 1558 1042 1627 ἐστὶ
1064 1562 1119 1644 της

102 1669 170 1730 ΝΒ
189 1671 335 1753 πλευρᾶς
353 1661 457 1751 ούσης
474 1667 536 1731 τοῦ
556 1659 801 1749 δωδεκαέδρου·
821 1661 901 1754 ὅπερ
921 1667 991 1732 ἔδει
1006 1667 1118 1746 δείξαι.

52 1929 84 1978 15
170 1913 281 1998 Λέγω
306 1908 370 1997 δή,
400 1908 460 1978 ὅτι
483 1911 587 1998 παρὰ
609 1909 654 1977 τὰ
679 1912 867 2000 εἰρημένα
890 1913 1008 1979 πέντε
1032 1911 1120 1999 σχη-

103 2044 204 2104 ματα
232 2013 278 2085 ού
302 2015 596 2103 συσταθήσεται
624 2019 764 2104 ἕτερον
788 2028 917 2104 σχῆμα
939 2017 1120 2107 περιεχό·

104 2149 224 2208 μενον
246 2119 323 2190 ύπδ
347 2121 596 2211 ἰσοπλεύρων
619 2121 746 2191 τεκαὶ
770 2128 1001 2210 ἰσογωνίων
1027 2133 1121 2192 ἰσων

104 2225 302 2313 ἀλληλοις.

166 2329 245 2399 Ὑπὸ
278 2331 339 2418 μὲν
370 2330 434 2418 γὰρ
468 2333 530 2402 δύο
570 2335 744 2423 τριγώνων
780 2330 801 2420 ἢ
835 2333 922 2414 ὅλως
954 2337 1121 2405 ἐπιπέδων

54 2459 88 2507 20
108 2437 222 2524 στερεὰ
246 2442 352 2524 γωνία
372 2437 414 2505 ού
433 2446 636 2509 συνίσταται.
672 2437 738 2508 ὑπὸ
763 2440 801 2508 δὲ
824 2450 928 2529 τριών
946 2441 1122 2527 τριγώνων

105 2541 126 2631 ἡ
149 2553 208 2630 τῆς
229 2546 432 2632 πυραμίδος,
455 2542 521 2613 ὑπὸ
546 2545 583 2614 δὲ
605 2547 776 2632 τεσσάρων
798 2543 819 2632 ἡ
843 2556 904 2614 τοῦ
928 2543 1122 2636 ὀκταέδρου,

106 2647 171 2718 ὑπὸ
196 2651 233 2718 δὲ
256 2652 353 2720 πέντε
375 2649 396 2737 ἡ
420 2661 481 2720 τοῦ
501 2652 731 2740 εἰκοσαέδρου·
754 2649 820 2720 ὑπὸ
841 2651 878 2720 δὲ
896 2654 930 2733 ἓξ
947 2652 1122 2740 τριγώνων

107 2757 316 2846 ἰσοπλεύρων
344 2783 378 2826 τε
405 2756 461 2824 καὶ
489 2761 678 2844 ἰσογωνίων
705 2759 790 2844 πρὸς
813 2756 864 2825 ἑνί
891 2763 1019 2850 σημείῳ
1045 2780 1122 2827 συν·

107 2865 294 2949 ισταμένων
328 2863 390 2931 οὐκ
421 2869 513 2930 ἔσται
545 2861 661 2951 στερεὰ
688 2868 808 2949 γωνία·
841 2864 946 2951 ούσης
973 2868 1038 2953 γὰρ
1067 2869 1124 2952 τῆς

55 2989 88 3038 25
107 2973 168 3036 τοῦ
205 2968 408 3058 ἰσοπλεύρου
443 2969 612 3058 τριγώνου
651 2974 776 3055 γωνίας
819 2972 979 3058 διμοίρου
1016 2969 1123 3058 ὀρθῆς

108 3079 242 3142 έσονται
266 3077 304 3141 αί
324 3076 358 3155 ἓξ
380 3076 559 3158 τέσσαρσιν
583 3071 704 3162 ὀρθαῖς
727 3082 810 3142 ἰσαι·
834 3073 916 3162 ὅπερ
936 3072 1121 3144 ἀδύνατον·

107 3203 322 3212 ——-———.

179 3275 203 3322 2.
224 3267 299 3323 έστιν
318 3268 375 3323 ΡΒ.
465 3273 490 3327 5.
509 3268 558 3324 καλ
577 3269 677 3339 μείζων
696 3268 727 3326 Β.
810 3264 867 3339 ἄρα
887 3271 939 3324 καί
954 3271 988 3326 V.
1076 3271 1123 3339 τῆς

109 3339 169 3411 ΖΒ]
190 3340 260 3409 (alt.)
279 3356 333 3394 om.
352 3339 382 3392 Ρ.
474 3346 497 3395 6.
519 3336 581 3394 έστί
597 3341 652 3409 Vq.
746 3347 770 3395 7.
790 3339 963 3428 τετμημένης
980 3341 1014 3396 V.

109 3416 151 3465 11.
170 3411 298 3479 ΛΜτῆς
316 3410 381 3481 ΝΒ]
401 3410 430 3464 in
448 3427 503 3467 ras.
522 3409 643 3469 m.1P.
722 3416 764 3466 12.
783 3415 832 3480 τῆς
850 3412 1029 3484 δε-ΜΒ]
1048 3414 1123 3483 post-

99 3481 214 3540 θασύδ.
233 3482 265 3540 in
284 3501 342 3557 mg.
363 3500 400 3538 m.
422 3480 487 3538 11³.
541 3488 587 3538 13.
606 3483 732 3553 μείζων
751 3481 961 3539 &mv-V.
1016 3490 1059 3541 14.
1078 3483 1122 3540 Se·
