2272 3796
290 153 565 206 mammarum
582 155 691 206 emsa
708 156 755 207 x1.
985 154 1027 220 99

49 296 145 378 punctis
162 299 208 381 K,
232 301 273 381 E,
296 300 344 378 H,
367 300 419 379 M,
443 300 489 380 Π,
514 301 553 379 Ζ,
577 299 625 379 Ν,
648 301 683 360 Σ
702 297 742 362 ad
765 298 900 381 plenum
919 299 1027 365 subia—

49 421 100 466 eens
118 404 393 488 perpendiculares
416 401 496 487 Ka,
520 406 596 486 ET,
620 407 702 486 ΗΤ,
727 406 766 466 M
774 407 818 488 Φ,
842 407 924 489 ΠΧ,
947 409 1026 490 ΖΨ,

47 511 107 592 ΝΩ,
129 513 197 594 ΣΙ,
225 515 258 575 et
285 531 358 575 eum
381 510 479 593 plano
503 509 537 572 in
559 509 688 592 punctis
711 509 751 593 Ξ,
784 513 822 594 Τ,
854 515 893 593 Y,
919 515 962 593 Φ,
985 515 1027 594 Χ,

49 617 82 696 Ψ,
98 617 137 700 Ω,
159 619 183 679 Ι
198 619 406 700 concurrant,
429 619 461 679 et
479 616 639 680 dueantur
656 615 687 691 Ξ
694 620 733 699 Τ,
756 615 829 699 ΞΤ,
851 619 928 699 ΤΦ,
949 618 1027 701 ΤΦ,

45 723 105 805 ΧΨ,
129 726 209 805 ΧΩ,
236 726 310 806 ΩΙ,
338 725 411 787 ΙΨ.
461 721 526 786 iam
553 723 616 786 erit
643 725 862 805 Kn=1113
892 743 967 787 nam
994 723 1028 786 in

44 829 201 911 aequalibus
225 829 359 893 basibus
383 832 459 893 sunt
478 832 567 912 ΚΜ,
591 833 664 892 ΠΣ
681 832 713 893 et
736 830 796 892 sub
821 829 933 893 eadem
955 828 1028 892 alti·

42 932 138 1018 tudine,
166 939 199 1001 et
228 939 337 1000 reatae
366 956 476 999 eorum
504 935 682 999 eminentes
710 933 751 999 ad
773 934 869 999 bases
892 955 1026 1017 perpen-

42 1037 171 1106 diculares
186 1045 264 1106 sunt
280 1044 351 1124 [per
364 1042 506 1125 priorem
520 1044 647 1124 partem
660 1039 756 1106 huius
769 1043 886 1124 prop.].
915 1062 1027 1106 uerum

43 1146 236 1228 Ku=AE,
265 1149 469 1230 111=r23
496 1168 573 1211 nam
600 1147 694 1211 etin
722 1147 833 1211 eadem
855 1148 927 1213 basi
951 1150 1027 1213 sunt

43 1253 138 1318 etsub-
153 1253 265 1320 eadem
284 1253 465 1336 altitudine,
489 1257 521 1316 et
539 1255 646 1316 rectae
665 1273 776 1317 eorum
795 1253 973 1319 eminentes
992 1253 1027 1317 in

42 1354 128 1423 iisdem
159 1360 256 1425 restis
289 1381 357 1423 non
390 1363 466 1424 sunt
494 1361 598 1442 [prop.
626 1357 740 1439 XXX}
790 1360 900 1444 itaque
929 1361 1027 1425 etiam

42 1463 137 1525 All=
151 1469 224 1531 ΓΖ.

89 1569 168 1657 Ergo
197 1571 303 1636 solida
328 1571 604 1657 parallelepipeda
626 1573 660 1636 in
683 1572 870 1656 aequalibus
894 1571 1026 1637 basibus

43 1673 173 1743 celerata
211 1681 244 1743 et
280 1678 414 1742 eandem
448 1678 652 1743 altitudinem
688 1678 843 1743 habentia
875 1679 961 1742 iuter
993 1697 1026 1740 se

43 1784 161 1864 aequalia
180 1788 271 1868 sunt3
295 1784 380 1868 quod
404 1787 475 1848 erat
498 1784 794 1849 demonstrandum.

453 1942 587 2006 XXXII.

91 2043 191 2114 Selida
218 2049 504 2132 parallelepipeda,
532 2070 614 2133 quae
642 2048 777 2112 eandem
804 2047 926 2112 habent
954 2046 1023 2110 alti·

42 2147 171 2237 tudinem,
194 2155 279 2218 inter
299 2172 334 2218 se
347 2155 482 2219 eandem
496 2155 656 2218 rationem
675 2153 798 2219 habent
812 2175 909 2237 quam
922 2153 1026 2218 bases.

158 2707 182 2761 A
726 2705 740 2747 ἵ
852 2707 876 2753 Θ

86 2788 190 2860 solida
208 2794 481 2880 parallelepipeda
496 2798 574 2876 ΑΒ,
592 2795 659 2857 ΓΛ
674 2790 807 2858 eandem
823 2791 1026 2856 altitudinem

41 2884 164 2967 labeant.
215 2901 301 2984 dieo,
332 2900 435 2964 solida
462 2897 735 2983 parallelepipeda
759 2901 837 2975 AB,
861 2885 928 2961 ΓΔ
951 2918 1026 2961 ean-

41 2993 88 3068 lem
113 3008 197 3072 inter
225 3029 259 3071 se
287 3007 447 3071 rationem
469 3005 589 3070 habere
618 3025 713 3087 quam
740 3003 849 3086 bases,
877 3002 937 3067 hoe
965 3006 1024 3080 est,

41 3127 85 3174 ‘sse
105 3113 520 3178 AE:FZ=AB:FA.

42 3281 55 3319 l.
73 3275 94 3322 1.
174 3275 213 3324 13.
235 3267 348 3338 στερεὸν
367 3265 423 3338 ἄρα
442 3268 468 3322 b.
552 3273 593 3321 14.
614 3268 674 3320 ἴσον
694 3261 768 3319 ἐστίν
787 3264 814 3318 b.
899 3270 939 3318 18.
958 3261 1022 3334 ld']

42 3353 69 3393 n.
87 3360 117 3407 φ.
191 3346 231 3395 19.
251 3340 542 3408 παραλληλοεπίπεδα,
562 3355 631 3392 eras.
653 3356 676 3404 ο,
695 3334 732 3402 V3
752 3335 820 3389 item
841 3333 890 3388 lin.
910 3339 952 3388 22.

42 3414 57 3464 l.
74 3411 357 3479 napullploenlneda
377 3411 409 3475 V,
428 3412 460 3464 ut
477 3428 504 3479 p.
522 3414 582 3475 100,
601 3413 626 3476 3,
641 3413 665 3462 6.
747 3411 790 3460 23.
812 3401 905 3475 desivi
920 3421 976 3458 ern.
994 3424 1028 3471 tp.

85 3479 175 3551 βάσις]
194 3499 246 3536 om.
265 3481 325 3535 ΡΤ.
400 3486 441 3539 25.
463 3479 594 3555 στερεόν]
614 3478 717 3554 (priusl
737 3494 795 3534 arn.
810 3478 849 3532 X.

853 3564 895 3623 *ᾗ
