2340 3818
331 136 605 187 mannunoauu
622 138 731 187 urana
749 139 811 189 nn.
1014 133 1077 197 ΓΠ

63 276 156 341 cuius
165 277 255 341 basia
266 283 317 343 est
326 281 425 343 ΑΒΔ
435 278 625 362 triangulus,
636 282 747 343 uertex
758 283 866 344 autem
876 284 908 345 Γ
913 286 1079 365 punctum,

62 383 196 447 tertiam
220 388 348 467 partem
371 407 441 449 esse
464 385 758 450 demonstrauimus
781 386 960 470 primatia,
988 387 1078 452 euius

63 491 155 554 basia
180 491 223 554 sit
245 493 348 555 ΑΒΓ
367 491 560 575 triangulus,
584 492 614 555 ei
638 495 746 556 autem
771 491 940 576 oppositus
965 496 1078 575 ΔΒΖ,

64 598 166 662 etiam
185 597 337 681 pyramis,
356 598 445 661 cuius
463 597 552 662 basis
572 600 623 661 est
641 599 743 661 ΑΒΓ
757 598 960 682 triangulusp
968 602 1080 663 uertex

63 706 176 768 autem
200 708 234 767 A
256 706 427 786 punctum,
456 704 554 768 tertia
581 725 658 788 pars
681 707 731 767 est
754 703 922 788 priamatis
946 703 1080 769 eandem

64 809 172 873 basim
204 808 356 873 habentis
383 809 585 892 triangulum
613 812 724 892 ΑΒΓ,
757 809 787 873 ei
815 813 924 874 autem
951 809 1081 895 opposi-

64 920 136 980 tum
159 919 193 978 A
199 919 270 981 EZ.

440 1106 712 1174 Corollarium.

135 1251 222 1316 Hinc
247 1250 456 1315 manifestum
480 1255 545 1333 est,
573 1272 701 1315 omnem
723 1223 924 1335 pyramidem
948 1254 1082 1319 tertiam

68 1354 196 1445 partem
220 1378 290 1422 essa
313 1357 491 1440 primatia,
514 1356 599 1440 quod
624 1357 755 1422 eandem
779 1359 883 1424 basim
906 1360 1027 1425 habeat
1050 1365 1083 1424 et

68 1465 274 1531 altitudinem
294 1460 501 1548 aequalem.¹)
528 1500 565 1510 -
593 1463 768 1548 quoderat
787 1464 1082 1532 demonstrandum.

532 1710 622 1775 VIII.

139 1853 269 1919 Similes
297 1854 481 1938 pyramides
508 1853 690 1936 triangulas
718 1853 812 1917 bases
840 1854 997 1918 habentes
1025 1855 1083 1918 tri·

628 2171 922 2254 correspondentia.

695 2276 769 2342 Sint
791 2279 977 2362 pyramides
996 2280 1085 2344 simi-

577 2391 603 2439 1²
627 2386 674 2449 lea
703 2389 736 2449 et
769 2383 931 2453 similiter.
950 2386 1087 2470 positae,

628 2514 764 2575 quarum
781 2492 876 2556 bases
896 2491 962 2556 sint
979 2495 1044 2556 AB
1050 2496 1087 2575 Γ,

74 2607 179 2668 ΔΒΖ
197 2602 361 2686 trianguli,
379 2601 516 2666 uertices
535 2604 643 2665 autem
657 2602 705 2682 H,
719 2602 748 2662 Θ
765 2601 893 2682 puncta
917 2597 997 2682 dieo,
1017 2619 1087 2662 ease

76 2711 218 2773 ΑΒΓΗ
223 2701 635 2772 εΔΕΖΘ-τΒΓῧιΕΖῧ.

74 2868 288 2878 -—-——-—-

149 2973 175 3040 1)
196 2969 274 3036 Quae
294 2971 448 3038 sequuntur
466 2967 743 3024 uerbulin.'10-14
762 2965 821 3020 aine
841 2965 926 3019 dubio
946 2965 1088 3022 subditiuu

75 3044 150 3098 nunt.
183 3041 349 3110 scripturam
368 3040 471 3095 codidie
485 3038 508 3092 P
525 3038 556 3092 in
568 3039 623 3092 fine
636 3039 768 3093 lacunam
781 3036 895 3105 habere,
912 3040 988 3092 reete
1003 3037 1088 3107 signi-

75 3114 173 3168 ficauit
190 3115 314 3182 August;
337 3127 403 3164 nam
428 3109 514 3166 ua'rbu
534 3113 584 3164 aul
607 3104 644 3172 ὡς
667 3105 684 3192 ἡ
708 3102 758 3178 ὅλη
783 3103 862 3181 βάσις
880 3104 949 3176 πρὸς
969 3106 1088 3163 ἕκαστον

75 3183 167 3254 prinei
186 3183 244 3236 ium
267 3183 311 3236 ent
334 3180 478 3251 amplioris
502 3179 754 3235 demonstrauonis.
802 3178 947 3260 ceteruia
969 3179 991 3232 P
1020 3178 1088 3232 satis

76 3202 226 3309 amendata
247 3253 393 3322 leguntur,
421 3268 483 3305 enm
506 3250 537 3305 in
560 3251 639 3306 eodd.
663 3249 816 3305 Theoninis
839 3267 917 3304 omm
940 3266 1021 3304 sensu
1044 3266 1089 3303 ea-

74 3327 164 3381 reant.
207 3323 256 3378 aad
281 3323 391 3378 etiamsi
408 3338 476 3378 uana
494 3325 588 3378 assent
606 3321 712 3389 omnia,
734 3322 805 3376 haee
822 3320 910 3374 uerba
929 3329 1025 3374 tamen
1044 3335 1089 3372 su-

76 3398 175 3466 specta
193 3396 295 3462 essent,
313 3393 387 3464 quia,
406 3396 438 3447 ut
456 3392 567 3464 saepius
586 3390 692 3459 monui,
714 3389 981 3446 demonstrationem
1000 3391 1090 3444 eurol-

76 3465 143 3522 larii
161 3466 270 3520 adsume
288 3465 360 3519 nihil
378 3463 495 3518 adtinet.

128 3564 277 3615 nuaram,
292 3563 341 3602 aar.
355 3563 460 3615 neuun
472 3567 498 3607 οι
510 3564 602 3618 nenne.
625 3564 670 3609 nr.
915 3553 957 3600 ll
