2340 3818
78 139 143 203 383
473 139 654 190 ΑΡΡωΝοιΧ
671 139 706 190 11.
802 126 805 130 ’

77 279 139 367 τήν
154 285 232 364 ΓΛ,
253 276 359 359 οὕτως
377 276 397 365 ἡ
414 286 476 346 ΕΖ
495 279 578 364 πρὸς
591 277 654 364 τήν
667 285 750 364 ΣΤ,
772 277 828 345 καὶ
842 273 1103 364 ἀναγεγράφθω

78 384 143 454 ἀπὸ
167 389 226 471 τῆς
245 393 317 453 ΣΤ
335 391 380 478 τῷ
399 392 478 453 ΗΝ
497 383 618 471 ὅμοιον
635 385 691 452 καὶ
710 384 835 471 ὁμοίως
852 389 1011 471 κείμενον
1030 404 1102 452 στε-

79 492 159 578 ρεὸν
182 495 514 578 παραλληλεπίπεδον
537 490 573 559 τδ
594 498 669 560 ΣΤ.
715 493 788 559 ἐπεί
808 492 899 558 ἐστιν
923 487 970 568 ὡς
994 487 1016 576 ἡ
1035 496 1102 556 AB

77 597 161 683 πρὸς
190 597 252 683 τήν
275 604 352 682 ΓΔ,
386 593 491 677 οὕτως
518 593 539 682 ἡ
569 603 631 662 ΕΖ
658 593 741 681 πρὸς
768 595 830 681 τήν
853 602 935 680 ΣΤ,
969 595 1027 662 καὶ
1056 591 1103 674 ὥς

79 702 144 789 ἄρα
171 703 209 771 τὸ
234 709 305 771 ΑΚ
330 702 466 790 στερεὸν
493 702 577 788 πρὸς
603 701 642 770 τὸ
666 707 727 769 ΓΛ
754 699 902 789 στερεόν,
930 699 1040 780 οὕτως
1063 699 1103 768 τὸ

79 817 155 877 ΕΜ
178 807 313 894 στερεὸν
336 808 420 896 πρὸς
441 807 479 876 τὸ
499 816 570 876 ΣΤ
590 807 736 893 στερεόν.
772 807 809 876 τὸ
830 815 911 876 EM
929 806 997 893 ἄρα
1015 805 1104 895 πρὸς

79 913 240 1001 ἑκάτερον
262 919 330 983 τῶν
353 921 447 1000 ΗΝ,
471 923 540 982 ΣΤ
559 913 620 982 τὸν
644 911 750 983 αὐτὸν
774 919 840 1001 ἔχει
861 914 975 999 λόγον.
1023 921 1104 982 ἴσον

79 1018 145 1106 ἄρα
169 1021 237 1088 ἐστὶ
260 1019 298 1088 τὸ
322 1027 401 1088 ΗΝ
420 1025 466 1110 τῷ
491 1029 572 1107 ΣΤ,
599 1021 656 1088 καὶ
683 1019 848 1107 ὁμόλογός
871 1022 962 1088 ἐστιν
985 1017 1006 1106 ή
1031 1027 1103 1088 ΗΘ

78 1129 117 1214 τῇ
137 1134 212 1194 ΣΤ.
249 1134 304 1213 έση
330 1125 395 1213 ἄρα
419 1127 510 1194 ἐστὶν
533 1124 642 1213 ήΗΘ
663 1132 703 1216 τῇ
722 1133 797 1194 ΣΤ.
833 1127 889 1193 καὶ
912 1127 987 1194 έπεί
1006 1129 1102 1194 ἐστιν

79 1231 124 1312 ὡς
146 1231 166 1319 ἡ
191 1240 259 1300 AB
282 1232 365 1321 πρὸς
387 1231 450 1319 τήν
474 1239 551 1318 ΓΔ,
575 1233 682 1311 οὕτως
704 1230 725 1318 ή
750 1239 812 1299 ΕΖ
834 1231 919 1320 πρὸς
940 1232 1004 1318 τήν
1026 1241 1101 1318 ΣΤ,

79 1347 134 1425 ἴση
159 1337 240 1426 δὲή
269 1347 340 1407 ΣΤ
357 1344 397 1428 τῇ
422 1346 503 1424 ΗΘ,
532 1337 577 1418 ὡς
599 1338 665 1424 ἄρα
692 1336 712 1424 ἡ
738 1346 803 1406 ΑΒ
825 1337 909 1426 πρὸς
930 1338 995 1426 τήν
1020 1346 1100 1426 ΓΔ,

79 1442 186 1522 οὕτως
208 1442 229 1530 ἡ
255 1452 318 1511 ΕΖ
341 1444 424 1532 πρὸς
446 1445 508 1531 τὴν
532 1452 614 1512 ΗΘ·
638 1443 720 1531 ὅπερ
743 1449 811 1512 ἔδει
835 1445 950 1526 δεῖξαι.

28 1658 61 1707 38
555 1639 624 1725 λη’.

143 1759 221 1830 Ἐὰν
249 1763 356 1847 κύβου
383 1767 451 1830 τῶν
479 1760 682 1831 ἀπεναντίον
710 1765 874 1831 ἐπιπέδων
898 1765 935 1829 αῖ
955 1765 1101 1852 πλευραὶ

80 1873 156 1956 δίχα
184 1873 353 1954 τμηθωσι,
382 1866 438 1935 διὰ
468 1869 507 1936 δὲ
534 1874 603 1937 τῶν
629 1879 743 1956 τομῶν
770 1872 908 1937 ἐπίπεδα
937 1872 1101 1959 ἐκβληθῇ,

79 1973 99 2059 η
123 1987 194 2042 τοῖν
215 1976 378 2043 ἐπιπέδων
397 1974 494 2061 κοινή
513 1974 597 2062 τομή
617 1980 693 2062 δίχα
712 1989 803 2062 τεμεῖ
818 1975 880 2062 τήν
894 1979 955 2043 τοῦ
970 1974 1102 2044 κύκλου

80 2081 276 2166 διάμετρον,
309 2082 364 2147 καὶ
396 2077 480 2166 αὐτὴ
516 2085 592 2166 δίχα
619 2078 824 2166 τμηθήσεται
854 2079 920 2149 ὑπὸ
949 2086 1011 2168 τῆς
1038 2087 1101 2151 τοῦ

78 2184 204 2253 κύκλου
228 2187 414 2272 διαμέτρου.

145 2292 253 2375 κύβον
277 2292 340 2377 γὰρ
364 2296 424 2358 τοῦ
443 2298 509 2358 ΑΒ
531 2295 599 2360 τῶν
623 2288 823 2360 ἀπεναντίον
844 2292 1011 2360 ἐπιπέδων
1030 2298 1101 2362 τῶν

78 2404 156 2482 ΓΔ,
185 2404 269 2480 ΑΕ,
297 2405 374 2482 ΒΖ,
407 2403 476 2465 ΗΘ
507 2400 545 2464 αῖ
578 2399 717 2484 πλευραὶ
746 2402 822 2485 δίχα
854 2398 1101 2484 τετμήσθωσαν

80 2507 117 2570 αι
140 2509 218 2587 ΓΛ,
242 2510 322 2587 ΛΑ,
346 2510 428 2588 ΑΕ,
453 2509 525 2589 ΕΓ,
549 2511 627 2590 132,
652 2510 733 2589 ΖΗ,
756 2511 841 2589 Ηο,
865 2511 927 2570 οιι
950 2505 1035 2571 κατὰ
1058 2504 1100 2573 ιὰ

80 2615 125 2693 Κ,
150 2616 195 2693 Λ,
224 2616 277 2693 Μ,
306 2615 355 2695 Ν,
383 2611 425 2694 Ξ,
450 2616 496 2695 0,
520 2618 569 2695 Π,
593 2617 633 2696 Ρ,
662 2609 718 2678 διὰ
743 2610 780 2677 δὲ
802 2613 870 2677 τῶν
892 2621 1006 2696 τομῶν
1031 2615 1099 2680 έπί-

80 2719 163 2782 πεδα
187 2714 401 2802 ἐκβεβλήσθω
424 2715 464 2782 τὰ
488 2721 579 2800 ΚΜ,
608 2718 688 2800 ΠΞ,
717 2721 802 2800 ΝΛ,
832 2722 905 2801 ΟΡ,
933 2717 989 2783 καὶ
1014 2723 1099 2786 ἔστω

80 2825 147 2888 τῶν
178 2823 342 2908 ἐπιπέδων
370 2822 465 2907 κοινή
495 2819 578 2907 τομή
607 2821 733 2907 ήΣΤ,
766 2822 942 2909 διάμετρος
970 2823 1009 2891 δὲ
1036 2829 1100 2891 τοῦ

81 2926 190 3011 κύβον
214 2931 297 2992 ἔστω
321 2924 341 3012 ἡ
361 2935 431 2994 BA.
473 2928 572 3012 λέγω,
596 2927 647 2994 ὅτι
671 2924 691 3013 ἡ
710 2935 744 2993 Σ
752 2933 781 2994 Τ
800 2930 876 3012 δίχα
898 2928 1011 3014 τέμνει
1033 2929 1100 3016 τὴν

81 3036 141 3099 τοῦ
165 3031 272 3116 κύβου
296 3032 486 3118 διάμετρον,
514 3033 569 3099 καὶ
593 3034 676 3118 αὕτη
701 3037 777 3119 δι’χα
799 3032 1004 3119 τμηθήσεται
1028 3032 1099 3103 ὑπὸ

82 3138 182 3226 τῶνῙ)
205 3141 265 3205 τοῦ
287 3139 394 3224 κύβου
418 3139 646 3229 διαμέτρωνῙ).

149 3243 400 3331 ἐπεζεύχθωσαν
424 3244 487 3331 γὰρ
516 3249 552 3312 αι’
572 3251 651 3332 ΓΣ,
682 3254 766 3330 ΣΑ,
795 3253 873 3331 ΒΤ,
905 3253 979 3314 ΤΗ.
1026 3249 1100 3315 ἐπεὶ

144 3480 173 3546 1)
192 3494 262 3535 corr.
284 3475 313 3533 in
328 3476 384 3559 ,τῆς
403 3509 437 3520 —
458 3471 610 3548 διαμέτρου
628 3494 667 3531 m.
685 3481 710 3528 λ.
