2340 3818
299 832 714 906 Demonstrationes
742 832 919 905 alterae}

597 989 625 1054 1.

387 1112 444 1178 Ad
466 1113 553 1178 libr.
575 1110 624 1176 XI
645 1133 750 1198 prop.
773 1113 825 1178 22.

525 1231 680 1313 Ἄλλως.

155 1354 332 1426 Ἔστωσαν
365 1361 403 1425 αί
433 1362 589 1426 δοθεῖσαι
620 1370 709 1445 τρεῖς
744 1363 866 1444 γωνίαι
898 1359 1053 1426 έτίτιεὸοι
1084 1357 1115 1424 αί

97 1459 164 1531 ὑπὸ
188 1468 297 1549 ΑΒΓ,
322 1470 438 1550 ΔΒΖ,
462 1471 584 1550 ΗΘΚ,
608 1455 657 1533 οἷν
681 1467 718 1532 αί
739 1462 803 1532 δύο
825 1467 886 1550 τῆς
907 1471 1029 1552 λοιπῆς
1052 1469 1114 1551 μεί

100 1574 192 1650 ζονες
211 1574 359 1639 ἔστωσαν
378 1570 485 1660 πάντῃ
504 1569 852 1658 μεταλαμβανόμεναι,
875 1572 1113 1657 κεριεχέτωσιιν
1153 1590 1155 1611 ²

64 1674 138 1744 5δὲ
160 1675 264 1757 αὐτὰς
291 1686 362 1746 ίσαι
389 1676 522 1746 εὐθεῖαι
545 1679 583 1743 αί
603 1684 684 1762 ΑΒ,
712 1682 785 1762 ΒΓ,
813 1683 900 1762 ΔΒ,
925 1683 1008 1763 ΕΖ,
1036 1683 1114 1762 ΗΘ,

98 1789 182 1869 ΘΚ,
205 1783 262 1851 καὶ
285 1782 537 1871 ἐπεζεύχθωσαν
560 1785 598 1849 ac
614 1787 692 1870 ΑΓ,
718 1789 799 1868 ΔΖ,
823 1789 907 1850 ΗΚ.
944 1782 1044 1869 λέγω,
1068 1782 1114 1850 ὅτι

100 1888 249 1958 δυνατόν
272 1891 363 1957 έστιν
388 1892 423 1957 έκ
445 1892 513 1958 τῶν
538 1897 621 1958 ίσων
644 1901 717 1968 ταῖς
738 1898 771 1956 Α
778 1893 815 1973 Γ,
844 1895 927 1974 ΔΖ,
954 1895 1031 1956 ΗΚ
1052 1893 1114 1976 τρί-
1153 1913 1155 1927 ·

99 2021 212 2081 γωνον
240 1994 488 2081 συστήσασθαι,
515 1995 665 2064 τουτέστι
692 1993 794 2063 πάλιν
823 1995 875 2063 ὅτι
903 1997 941 2062 αί
966 1993 1031 2063 δύο
1060 1998 1115 2080 τῆς

101 2105 219 2187 λοιπῆς
241 2103 388 2188 μείζονές
411 2106 475 2170 είσι
498 2100 606 2191 κοίντρ
630 2099 973 2189 μεταλαμβανόμεναι.

49 2225 82 2274 10
168 2210 199 2274 εί
220 2206 282 2293 μὲν
306 2200 369 2275 οὖν
391 2207 493 2276 πάλιν
517 2211 555 2276 αί
574 2209 658 2296 πρὸς
679 2221 750 2288 τοῖς
772 2214 817 2293 Β,
844 2214 889 2293 Β,
917 2214 946 2275 Θ
969 2213 1117 2294 σημείοις

101 2317 222 2398 γωνίαι
245 2320 317 2380 ίσαι
339 2317 436 2400 είσίν,
460 2323 532 2382 ίσαι
551 2319 685 2382 ἔσονται
703 2314 760 2382 καί
779 2316 815 2381 αί
831 2318 906 2399 ΑΓ,
926 2320 1009 2400 ΔΖ,
1028 2321 1117 2399 ΗΚ,

101 2419 158 2486 καὶ
185 2423 319 2487 έσονται
347 2422 385 2487 αί
415 2419 478 2489 δύο
507 2431 568 2507 τῆς
595 2425 712 2507 λοιπῆς
739 2425 894 2507 μείζονες.
940 2424 971 2486 εί
1000 2419 1039 2488 δὲ
1068 2417 1116 2503 οὐ,

103 2530 251 2594 ἔστωσαν
270 2522 383 2594 ἄνισοι
402 2528 440 2593 αί
455 2524 539 2613 πρὸς
555 2538 625 2605 τοῖς
638 2533 683 2611 Β,
707 2533 752 2612 Ε,
772 2532 801 2593 Θ
819 2529 968 2613 σημείοις
986 2531 1117 2612 γωνίαι,

101 2633 158 2700 καὶ
181 2638 301 2719 μείζων
324 2628 345 2718 ἡ
368 2632 452 2719 πρὸς
474 2635 520 2724 τῷ
543 2639 572 2700 Β
596 2633 751 2720 ἑκατέρας
777 2636 846 2701 τῶν
873 2629 956 2719 πρὸς
978 2646 1052 2713 τοϊς
1074 2640 1118 2716 Β,

44 2724 84 2803 ’ὶο
103 2746 145 2807 Θ·
176 2743 296 2824 μείζων
319 2737 385 2824 ἄρα
408 2743 498 2807 ἔσται
521 2738 578 2806 καὶ
601 2735 621 2824 ἡ
645 2744 715 2806 ΑΓ
734 2737 852 2807 εὐθεῖα
875 2738 1031 2826 ἑκατέρας
1054 2742 1137 2823 τῶνΙ

104 2852 187 2931 ΔΖ,
214 2849 297 2912 ΗΚ.
344 2843 401 2911 καὶ
423 2841 594 2930 ρανερόν,
627 2843 679 2912 ὅτι
711 2841 731 2930 ἡ
760 2850 830 2912 ΑΓ
856 2841 938 2930 μετὰ
965 2843 1120 2930 ἑκατέρας

103 2972 317 2982 ------ι

176 3038 223 3106 ΧΙ,
242 3043 276 3093 22
294 3039 360 3109 post
379 3039 471 3106 εειξιι
487 3055 515 3107 p.
536 3043 578 3106 οο,
598 3042 632 3092 18
651 3037 714 3093 add.
733 3038 873 3094 ΡΒιοο.

104 3151 317 3161 -ρ--α--ς-

176 3223 200 3272 3.
220 3210 290 3288 ὑπό]
310 3233 364 3271 om.
383 3215 414 3285 Κ,
433 3232 518 3286 supra
535 3234 572 3270 m.
592 3219 608 3269 2
627 3214 659 3269 B.
733 3219 758 3270 5.
778 3215 847 3286 ΒΓ]
867 3219 927 3284 ΒΓ,
947 3220 1000 3270 ΓΔ
1018 3217 1047 3274 b.

105 3296 130 3345 6.
149 3287 219 3359 ΔΖ]
240 3293 265 3340 Δ
284 3304 353 3342 eorr.
374 3302 407 3339 ex
427 3291 453 3340 Γ
468 3304 505 3342 m.
526 3286 589 3341 11⁴¹.
677 3290 701 3342 8.
720 3282 863 3341 τουτέστιν
881 3287 913 3342 Β.
1001 3293 1046 3343 11.
1066 3290 1120 3343 ίοαι

97 3359 188 3435 είσίν]
205 3356 279 3416 είοιν
298 3360 357 3415 ίοαι
375 3355 438 3415 BV.
511 3357 583 3428 ίοαι]
600 3373 655 3412 om.
673 3355 735 3411 BV.
810 3357 886 3428 HK]
906 3360 969 3412 ΗΚ
985 3357 1048 3414 ἴσαι
1066 3357 1120 3413 BV.
