2340 3818
95 126 139 189 48
468 125 669 178 mmm
688 118 740 178 ια’.

578 292 635 352 ιη.

162 388 248 458 Ἐδιν
272 390 414 460 εὐθεῖα
438 392 608 481 ἐπιπέδῳ
627 390 708 457 τινὶ
727 392 824 477 πρὸς
844 386 971 477 ὀρθὰς
988 380 1027 477 ᾖ,
1050 389 1113 455 καὶ

98 495 223 565 πάντα
250 497 297 566 πδι
323 495 373 564 δι’
400 493 519 582 αὐτῆς
542 499 707 564 ἐπίπεδα
734 498 785 588 τῷ
814 491 918 586 αὐτῷ
942 493 1112 583 ἐπιπέδῳ

98 601 196 690 πρὸς
219 601 344 690 ὀρθὰς
368 606 485 669 ἐσται.

62 729 79 778 ο
166 709 298 776 Εὐθεῖα
330 706 395 794 γάρ
427 733 477 786 τις
509 705 529 794 ἡ
558 714 624 775 AB
656 711 702 800 τῷ
730 703 936 797 ὑποκειμένῳ
970 706 1111 794 ἐπιπέδῳ

98 812 182 902 πρὸς
209 810 318 898 ὀρθὰς
346 817 442 879 ἔστω·
474 814 575 899 λέγω,
607 811 658 881 ὅτι
685 813 741 880 καὶ
768 811 876 880 πάντα
903 809 944 880 ιδι
972 808 1031 879 διὰ
1058 820 1113 897 τῆς

99 930 130 987 Α
136 927 164 986 Β
185 921 322 987 ἐπίπεδα
339 921 385 1010 τῷ
403 915 612 1009 ὑποκειμένῳ
632 921 775 1011 ἐπιπέδῳ
794 917 878 1006 πρὸς
892 916 1002 1005 ὀρθάς
1016 919 1113 986 ἐστιν.

163 1023 396 1111 Ἐκβεβλήσθω
424 1023 488 1112 γὰρ
517 1024 574 1092 διὰ
601 1030 659 1113 τῆς
687 1033 752 1093 ΑΒ
781 1028 947 1104 ἐπίπεδον,
967 1020 1006 1090 τὸ
1033 1030 1114 1109 ΔΕ,

99 1131 154 1198 καὶ
179 1135 261 1197 ἔστω
284 1129 383 1217 κοινὴ
406 1129 490 1218 τομὴ
514 1135 575 1198 τοὺ
599 1138 669 1198 ΛΕ
691 1120 849 1200 ἐπιπέδου
872 1130 927 1198 καὶ
949 1133 1011 1197 τοὺ
1036 1126 1114 1197 ὑπο-

48 1257 81 1306 10
99 1237 255 1322 κειμένου
283 1234 304 1323 ἡ
328 1242 406 1322 ΓΕ,
434 1237 490 1305 καὶ
513 1236 667 1324 εἰλήφθω
692 1237 744 1306 ἐπὶ
767 1239 825 1323 τῆς
848 1242 912 1305 ΓΕ
932 1234 1038 1323 τυχὸν
1061 1254 1115 1322 ση-

99 1354 194 1430 μεῖον
218 1341 255 1410 τὸ
277 1351 319 1427 Ζ,
342 1344 398 1411 καὶ
421 1343 486 1412 ἀπὸ
511 1347 572 1411 τοὺ
591 1352 618 1411 Ζ
641 1348 681 1433 τῇ
700 1350 765 1412 ΓΕ
781 1343 864 1430 πρὸς
887 1340 994 1428 ὁρθὰς
1018 1341 1115 1429 ἤχθω

101 1450 137 1515 ἐν
165 1451 210 1540 τῳ
236 1456 306 1516 ΔΕ
332 1450 474 1540 ἐπιπέδῳ
498 1447 518 1536 ἡ
544 1457 618 1518 ΖΗ.
664 1451 720 1517 καὶ
744 1449 814 1518 ἐπεὶ
836 1447 857 1536 ἡ
882 1457 947 1516 ΑΒ
970 1446 1057 1535 πρὸς
1078 1446 1116 1516 τὸ

100 1551 321 1641 ὑποκείμενον
341 1558 498 1624 ἐπίπεδον
517 1553 607 1643 ὀρθή
627 1558 728 1641 ἐστιν,
747 1554 905 1642 καὶπρὸς
923 1553 1032 1632 πάσας
1052 1553 1117 1643 ἄρα

100 1659 159 1741 τὰς
186 1657 374 1749 ἁπτομένας
401 1658 503 1746 αὐτῆς
530 1657 665 1740 εὐθείας
691 1660 747 1728 καὶ
775 1659 878 1740 οὔσας
905 1663 1009 1750 ἐντῷ
1035 1659 1118 1730 ὑπο-

49 1785 81 1834 15
100 1769 240 1858 κειμένῳ
275 1767 416 1858 ἐπιπέδῳ
434 1763 535 1853 ’ὀρθή
564 1768 654 1834 ἐστιν
682 1762 703 1850 ἡ
727 1773 807 1832 ΑΒ·
837 1763 921 1833 ὥστε
949 1766 1004 1833 καὶ
1032 1767 1119 1855 πρὸς

102 1980 200 2047 ἐστιν.
252 1983 320 2045 ἔστι
349 1977 389 2071 δέ
413 1977 468 2044 καὶ
496 1974 516 2064 ἡ
544 1973 610 2044 ὑπὸ
640 1982 740 2043 ΗΖΒ
769 1973 870 2065 ὀρθή·
905 1977 1120 2066 παράλληλος

102 2081 167 2169 ἄρα
195 2083 285 2150 ἐστὶν
313 2081 334 2169 ἡ
358 2092 422 2152 ΑΒ
451 2088 490 2174 τῇ
514 2091 589 2152 ΖΗ.
635 2083 656 2172 ἡ
684 2083 721 2152 δὲ
745 2090 810 2151 ΑΒ
837 2087 883 2175 τῷ
907 2081 1118 2176 ὑποκειμένῳ

103 2189 246 2279 ἐπιπέδῳ
274 2186 357 2272 πρὸς
385 2188 493 2278 ὀρθάς
521 2194 623 2260 ἐστιν·
651 2190 707 2258 καὶ
734 2189 755 2277 ἡ
781 2198 853 2258 ΖΗ
857 2261 859 2264 ⁴
875 2190 942 2276 ἄρα
969 2200 1013 2280 πῳ
1037 2186 1120 2260 ὑπο·

48 2314 83 2363 20
101 2295 241 2385 κειμένῳ
274 2295 418 2386 ἐπιπέδῳ
457 2295 540 2383 πρὸς
573 2295 681 2380 ὀρθάς
715 2297 816 2362 ἐστιν.
869 2295 925 2360 καὶ
959 2295 1121 2367 ἐπίπεδον

102 2399 185 2487 πρὸς
218 2402 374 2468 ἐπίπεδον
402 2400 512 2487 ὀρθόν
541 2403 645 2484 ἐστιν,
677 2397 758 2465 ὅταν
781 2401 823 2462 -ac
848 2400 887 2484 τῇ
911 2400 1007 2484 κοινῇ
1031 2406 1121 2492 τομῇ

103 2510 170 2574 τῶν
203 2506 367 2574 ἐπιπέδων
398 2505 482 2594 πρὸς
515 2501 622 2592 ὀρθὰς
650 2500 811 2588 ἀγόμεναι
839 2501 970 2569 εὐθεῖαι
998 2505 1035 2571 έν
1067 2508 1121 2575 ένδ

102 2616 170 2679 τῶν
203 2614 368 2680 ἐπιπέδων
396 2614 442 2702 τῷ
470 2612 574 2699 λοιπῳ
604 2608 745 2697 ἐπιπέδῳ
774 2608 858 2696 πρὸς
888 2607 996 2698 δρθδις
1023 2602 1119 2683 οἷσιν.

103 2717 159 2784 καὶ
186 2721 225 2805 τῇ
252 2721 350 2805 κοινῇ
374 2725 458 2804 τομῇ
480 2724 549 2782 τῶν
574 2713 738 2792 ἐπιπέδων
765 2717 805 2802 τῇ
829 2720 893 2782 ΓΕ
914 2717 951 2783 ἐν
974 2716 1025 2784 ἑνὶ
1048 2729 1118 2787 ιιθν

46 2806 84 2892 ’νο
104 2826 269 2892 ἐπιπέδων
291 2825 336 2912 τῷ
357 2827 425 2887 ΛΕ
447 2817 529 2907 πρὸς
553 2815 660 2906 ὀοθδις
682 2818 825 2906 ἀχθεῖσα
848 2817 869 2907 ἡ
889 2827 961 2887 ΖΗ
979 2824 1116 2912 ἐδείχθη

175 3025 199 3072 4.
221 3015 310 3087 ἐσται]
331 3030 400 3085 corr.
421 3031 453 3068 ex
469 3009 543 3069 ἐστιν
564 3013 596 3068 V.
696 3020 720 3069 5.
740 3008 844 3069 εὐθεῖα
859 3046 891 3054 -
909 3022 932 3070 7.
953 3011 1040 3088 ἐστιν]
1059 3036 1116 3088 mg.

104 3109 140 3143 m.
163 3096 176 3142 1
196 3088 229 3142 V.
307 3094 330 3142 6.
350 3085 411 3155 τῆς]
432 3101 486 3139 om.
506 3105 527 3153 φ
547 3089 612 3154 (non
631 3085 671 3154 F).
746 3092 786 3141 13.
807 3080 865 3139 ἐστι
883 3084 998 3152 PBFV,
1023 3105 1115 3158 comp.

105 3162 131 3215 b.
171 3166 212 3212 14.
232 3149 303 3212 οὖσα
322 3159 350 3211 Ρ.
430 3161 471 3210 16.
491 3151 549 3211 ἐστι
567 3156 601 3211 V.
679 3159 785 3225 γωνίαν
805 3177 834 3225 φ.
910 3162 951 3212 17.
973 3159 1067 3230 ΗΖΒ]
1085 3160 1118 3215 in

105 3247 158 3284 ras.
178 3229 211 3283 V.
287 3234 326 3282 18.
347 3222 434 3299 έσιίν]
454 3245 507 3282 om.
522 3228 555 3284 V.
628 3229 665 3300 τῷ
699 3228 736 3301 τῷ
756 3224 831 3300 αὑτῷ
846 3227 875 3282 F.
951 3234 991 3283 19.
1012 3224 1070 3282 ε’σιι
1085 3229 1117 3286 Β.

163 3295 355 3367 καὶὴ-20.
376 3293 462 3370 ἐστιν]
482 3316 535 3355 om.
557 3300 582 3368 b,
601 3317 656 3370 mg.
704 3341 709 3353 .
770 3304 811 3352 19.
833 3302 887 3352 ΗΖ
901 3300 930 3352 P.
995 3304 1038 3355 20.
1059 3295 1119 3354 ἐστι

105 3371 193 3438 PBV‚
213 3387 303 3440 comp.
323 3372 352 3428 F.
429 3371 493 3442 καί]
523 3371 572 3425 καὶ
592 3367 733 3424 έπείΒν.
815 3375 857 3423 21.
877 3364 947 3439 πρὸς
967 3363 1116 3443 ἐπίπεδον]

105 3458 190 3512 supra
207 3459 242 3498 m.
263 3448 278 3496 2
299 3441 332 3500 V.
405 3447 447 3498 23.
468 3437 605 3516 ἐπιπέδῳ]
626 3442 681 3496 τῶν
701 3435 844 3495 ἐπιπέδων
862 3440 895 3496 V.
985 3432 1036 3494 οἶσι
1054 3440 1114 3497 Vb.
