2340 3818
106 129 168 194 158
474 133 675 187 mmm
693 128 743 201 ιμ’.

103 281 184 357 ίσα,
208 277 318 340 ἔσται
342 270 390 352 ὡς
413 271 519 360 ήτής
537 278 628 360 μιᾶς
646 277 872 363 πυραμίδος
890 270 1005 358 βάσις
1022 269 1084 359 πρὸ

102 376 173 465 τήν
200 382 270 465 τής
294 380 675 470 ἑτέρας’πυραμίδος
697 379 833 465 βάσιν,
862 376 987 458 οὕτως
1009 376 1083 446 τὰί

102 489 146 573 τή
170 489 238 576 μιᾷ
260 490 455 575 πυραμίδι
473 492 673 575 πρίσματα
691 489 823 556 πάντα
835 484 932 575 πρὸς
950 484 996 553 τδι
1014 487 1082 553 ἐντ

103 593 216 684 ἑτέρᾳ
238 598 432 682 πυραμίδι
456 599 655 679 πρίσματα
676 592 804 662 πάντα
827 596 1038 679 ἰσοπληθῆ.
1083 664 1085 669 .

67 717 83 766 5
160 698 335 767 Ἔστωσαν
360 698 422 766 δύο
446 704 629 787 πυραμίδες
651 695 716 767 ὑπὸ
739 698 778 767 τὸ
799 695 881 768 αὐτὸ
899 696 987 780 ὕψος
1004 724 1085 785 τριμι

102 832 184 885 νους
216 811 351 893 ἔχουσαι
379 804 493 890 βάσεις
521 804 581 885 τδις
608 812 723 890 ΑΒΓ,
752 813 868 890 ΔΕΖ,
900 803 1085 894 ιιορυφδιςδ

101 910 142 979 τὰ
168 919 218 997 Η,
251 918 279 978 Θ
307 924 440 997 σημεῖα,
472 912 528 979 καλ
561 911 737 1000 διῃρήσθω
766 912 904 998 ἑκατέρα
932 909 1042 979 αὐτῶν
1066 916 1085 976 εί

101 1042 136 1086 τε
165 1015 228 1085 δύο
255 1021 445 1105 πυραμίδας
473 1025 548 1097 ίσας
574 1016 733 1105 ἀλλήλαις
759 1019 816 1086 καὶ
848 1016 966 1106 ὁμοίας
992 1028 1031 1106 τῇ
1053 1014 1085 1083 δλ

101 1124 158 1191 καί
181 1127 229 1203 είς
252 1123 315 1192 δύο
338 1130 506 1211 πρίσματα
529 1132 601 1192 ίσα·
624 1125 723 1210 λέγω,
747 1121 799 1192 ὅτι
818 1123 909 1192 ἐστὶν
929 1121 974 1202 ὡς
993 1121 1013 1211 ή
1029 1128 1085 1190 AB)

50 1248 82 1297 10
100 1229 198 1316 βασις
220 1227 304 1317 πρὸς
326 1227 388 1316 τήν
408 1238 508 1298 ΔΕΖ
531 1231 644 1316 βάσιν,
668 1228 774 1309 οὕτως
797 1227 837 1299 τὰ
861 1233 898 1298 ἐν
920 1241 961 1318 τῇ
981 1233 1085 1298 ΑΒΓλ

101 1339 264 1424 πυραμίδι
282 1341 449 1422 πρίσματα
467 1336 575 1405 πάντα
594 1335 678 1423 πρὸς
694 1332 735 1403 τὰ
755 1337 792 1404 ἐν
810 1338 850 1423 τή
867 1342 1002 1403 ΔΕΖΘ
1014 1359 1085 1419 πυρι

101 1444 174 1527 μίδι
196 1446 363 1530 πρίσματα
387 1447 565 1530 ἰσοπληθῆ.

166 1545 253 1615 Ἐπεὶ
281 1547 345 1636 γὰρ
369 1557 425 1634 ίσή
449 1549 541 1616 ἐστὶν
564 1545 585 1635 ή
608 1548 669 1635 μὲν
693 1551 757 1625 ΒΞ
777 1551 817 1636 τῇ
840 1547 915 1632 ΞΓ,
944 1544 965 1634 ή
990 1547 1026 1615 δὲ
1048 1554 1085 1613 Α.

100 1658 140 1743 τή
173 1660 256 1740 ΛΓ,
287 1653 499 1743 παράλληλος
531 1651 596 1743 ἄρα
629 1654 720 1722 ἐστὶν
751 1651 772 1740 ή
801 1655 868 1729 ΛΞ
896 1658 937 1742 τή
968 1661 1032 1722 ΑΒ
1058 1678 1085 1719 ιιι

49 1778 81 1828 1ο
102 1758 220 1847 ὅμοιον
242 1759 280 1828 τὸ
299 1766 407 1829 ἈΒΓ
425 1765 591 1848 τρίγωνον
614 1762 660 1852 τῷ
680 1761 780 1836 ΛΞΓ
798 1758 960 1850 τριγώνῳ.
999 1759 1052 1827 διὰ
1072 1783 1086 1824 ι

102 1864 186 1936 αὐτὰ
211 1865 253 1953 δή
281 1867 337 1935 καὶ
364 1864 402 1935 τὸ
432 1874 533 1934 ΔΕΖ
562 1871 728 1953 τρίγωνον
760 1877 805 1958 τῷ
833 1873 931 1934 ΡΦΖ
963 1866 1085 1956 τριγωνι

101 1971 222 2061 ὅμοιόν
249 1976 348 2042 ἐστιν.
399 1973 454 2040 καὶ
485 1973 554 2041 ἐπεὶ
583 1976 769 2040 διπλασίων
798 1972 889 2040 ἐστὶν
915 1968 937 2058 ή
966 1972 1027 2059 μὲν
1053 1977 1085 2037 Β.

99 2091 159 2166 τής
181 2083 255 2167 ΓΞ,
279 2078 300 2167 ή
325 2079 362 2148 δὲ
386 2086 448 2147 ΕΖ
470 2082 530 2167 τής
548 2087 629 2164 ΖΦ,
653 2083 744 2146 ἔστιν
764 2077 830 2166 ίίρα
849 2076 894 2159 ὡς
913 2076 933 2166 ή
954 2085 1021 2146 ΒΓ
1034 2073 1085 2164 πρί

100 2184 163 2272 τήν
175 2189 250 2271 ΓΞ,
271 2185 377 2266 οὕτως
396 2182 417 2271 ή
432 2193 495 2252 ΕΖ
513 2183 596 2273 πρὸς
614 2182 675 2272 τήν
690 2192 765 2253 ΖΦ.
797 2185 853 2253 καὶ
868 2183 1085 2273 ἄναγίγραπτι

47 2311 81 2360 20
100 2288 166 2359 ἀπὸ
195 2289 258 2378 μὲν
285 2295 353 2358 τῶν
377 2296 454 2374 ΒΓ,
482 2293 544 2367 ΓΞ
565 2289 665 2378 ὅμοιοί
693 2317 728 2358 τε
755 2292 811 2359 καὶ
835 2289 959 2377 ὁμοίως
981 2296 1085 2377 κείμει

101 2394 325 2525 εὐθήμραμμα
351 2394 392 2462 τὰ
416 2402 526 2479 ΑΒΓ,
554 2399 660 2482 ΛΞΓ,
688 2395 753 2464 οἷπδ
783 2395 821 2464 δὲ
848 2406 917 2464 τῶν
945 2403 1023 2482 ΕΖ,
1051 2404 1077 2463 Ζ

101 2529 201 2589 ομοια
223 2528 257 2569 τε
279 2498 374 2567 καὶ’
359 2506 483 2588 ομοίως
504 2507 639 2587 κείμενα
664 2500 915 2590 [εὐθύγραμμα]
938 2529 979 2571 τα
1002 2509 1085 2569 Am

174 2686 197 2735 1.
226 2678 294 2734 Post.
316 2679 363 2732 ίσα
386 2679 450 2732 add.
475 2679 585 2736 Theon:
613 2679 662 2733 ιιαλ
685 2685 741 2734 τῶν
763 2676 926 2765 μενομένων
949 2677 1085 2748 (γεναμ.

100 2744 306 2840 πυραμίδωνΓ
292 2747 412 2818 ωιατέρα
435 2745 485 2804 τὸν
510 2751 536 2819 (e
560 2767 629 2806 corr.
649 2752 685 2820 V)
709 2746 798 2805 αὐτὸν
821 2746 940 2818 τρόπον,
964 2749 1014 2803 καὶ
1032 2769 1083 2804 του

101 2819 148 2876 αεὶ
166 2822 279 2890 γίνηται
297 2822 425 2909 (γίνεται
435 2823 464 2910 q)
484 2820 590 2890 (BVq).
671 2821 803 2877 ἐοται-
766 2820 883 2891 -τής]
903 2838 995 2906 supra
1007 2838 1059 2876 sor.
1079 2840 1085 2874 1

100 2889 282 2961 2Β(ἔστιν)
365 2898 389 2946 2.
410 2886 519 2964 ἑτέρας]
539 2895 604 2961 post
622 2913 637 2962 ρ
657 2893 711 2948 del.
731 2910 801 2947 em
822 2886 1085 2946 1Ρ.οῧτωΒ

198 2968 222 3018 3.
242 2965 434 3048 πρίσματα-
454 2969 480 3017 4,
498 2964 649 3034 πυραμίδι]
673 2980 729 3033 mg.
748 2982 785 3016 m.
805 2964 870 3016 2Β
962 2968 987 3016 4
1007 2982 1085 3017 παντ

100 3052 155 3089 om.
174 3035 208 3089 V.
308 3039 333 3088 8.
353 3029 368 3088 ὁ
371 3033 508 3122 μοίωςλί
614 3040 639 3089 9.
657 3034 790 3090 Ροολίσα
808 3034 872 3088 add
892 3031 942 3088 ιιαλ
960 3034 1017 3088 τῶν
1035 3053 1085 3103 μεν

100 3103 194 3175 μένων
217 3054 425 3174 πυραμίδων’
409 3102 531 3191 εκατέρα
557 3107 608 3160 τὸν
637 3101 725 3161 αυτὸν
752 3101 857 3174 τρόπον
881 3101 1032 3171 νενοήσθω
1056 3106 1085 3158 δι

100 3175 206 3246 ρημίνη
230 3176 279 3231 ιιαλ
297 3195 380 3231 τουτο
400 3170 446 3230 ιἰελ
464 3175 587 3245 γινέσθω
607 3175 661 3246 Bq,
681 3176 779 3246 Vmg.
799 3194 836 3230 m.
856 3183 880 3230 2.
956 3172 1084 3301 ιαμίσι

100 3264 154 3302 om.
173 3248 207 3303 V.
290 3266 363 3302 οντω
383 3247 436 3314 Bq.
520 3252 560 3301 13.
581 3249 676 3316 BZq.
764 3254 804 3301 14.
826 3243 913 3329 ἐστίν]
934 3263 988 3301 om.

101 3324 142 3374 16.
162 3313 262 3388 ομοιόν
282 3314 339 3373 ἐστι
358 3322 395 3392 τῷ
415 3320 493 3372 ΡΦΖ
511 3338 635 3387 τριγωνω
655 3318 732 3407 BVq
752 3317 839 3386 (ΡΦ
831 3336 860 3371 1n
879 3334 934 3375 ras.
952 3316 997 3387 V).

101 3396 143 3444 ιι
163 3389 233 3461 Γπ]
254 3406 323 3446 corr
343 3407 377 3446 ex
379 3372 503 3448 ’.πων
602 3372 671 3445 Post
689 3387 722 3443 οι
740 3405 794 3443 ras.
815 3388 903 3446 111tt
922 3388 952 3445 P
1049 3390 1085 3442 ιι

98 3476 168 3516 corr.
187 3476 221 3516 ex
241 3462 343 3517 QZV.
421 3465 463 3515 22.
483 3454 686 3532 ευθίγραμμα]
705 3476 759 3517 om.
778 3459 809 3514 P.
