2340 3818
104 148 170 214 324
475 152 678 205 Συουιοιοα
695 145 744 220 η’.

103 291 222 361 εύθεία
240 293 374 383 γραμμὴ
394 290 414 380 ἡ
435 299 510 360 ΝΣ
525 290 631 379 ύκρον
648 292 705 361 καὶ
723 291 827 377 μέσον
845 287 950 375 λόγον
966 287 1111 374 τέτμηται

102 396 247 467 κατὰτὸ
273 407 317 485 0,
341 397 457 468 καὶτὸ
481 405 593 486 μεῖζον
617 397 720 486 αὐτῆς
742 395 853 486 τμημύ
878 390 1013 480 ἐστινὴ
1037 398 1113 476 ΝΟ,

103 503 143 571 τὰ
171 503 238 597 ἄρα
266 503 332 574 ἀπὸ
361 515 430 574 τῶν
453 511 540 589 ΝΣ,
569 511 636 572 ΣΟ
662 501 841 592 τριπλύσιύ
870 503 939 570 ἐστι
967 509 1028 567 τοῦ
1055 495 1113 566 ἀπὸ

103 614 162 697 τῆς
184 618 224 678 Ν
227 617 262 677 0.
309 619 364 698 ἴση
394 610 432 679 δέ
457 608 478 697 ἡ
503 610 565 698 μέν
588 618 663 679 ΝΣ
682 620 723 700 τῇ
750 615 839 696 ΨΩ,
868 604 1045 694 ἐπειδήπερ
1067 605 1115 672 καὶ

69 713 212 803 οὴμέν
230 722 301 784 ΝΟ
322 722 362 806 τῇ
385 723 452 785 ΟΩ
471 720 561 786 ἐστιν
580 714 754 804 ίση,ἡδδ
776 722 847 784 ΨΟ
864 718 905 804 τῇ
927 720 1001 782 ΟΣ.
1040 709 1115 780 ἀλλὰ
1160 756 1162 805 3

104 823 171 912 μὴν
194 824 250 891 καὶ
273 820 294 909 ἡ
316 831 384 891 ΟΣ
404 827 444 912 τῇ
472 831 557 910 ΨΥ,
582 824 650 892 ἐπεὶ
673 824 728 891 καὶ
751 826 792 913 τῇ
814 828 886 890 ΡΟ·
909 819 951 888 τὰ
974 818 1042 906 ἄρα
1060 815 1116 886 ἀπὸ
1159 810 1162 883 ἱ

104 933 172 998 τῶν
191 936 279 1014 ΩΨ,
302 936 375 997 ΨΥ
393 929 573 1019 τριπλάσιά
597 933 665 999 ἐστι
688 933 749 997 τού
773 927 838 997 ἀπὸ
862 931 921 1016 τῆς
940 933 979 994 Ν
982 932 1020 993 0.
1057 937 1118 1004 τοῖς

105 1035 143 1103 δέ
166 1032 231 1102 ἀπὸ
255 1045 323 1103 τῶν
345 1041 438 1122 ΩΨ,
465 1043 537 1103 ΨΥ
558 1043 635 1104 ίσον
658 1036 728 1103 ἐστὶ
750 1033 788 1105 τὸ
808 1033 873 1104 ἀπὸ
897 1038 957 1120 τῆς
983 1038 1065 1100 ΥΩ·
1086 1029 1118 1098 τὸ

105 1139 171 1227 ἄρα
199 1137 263 1208 ἀπὸ
291 1144 350 1228 τῆς
376 1148 439 1209 ΥΩ
465 1141 665 1229 τριπλάσιόν
692 1143 761 1210 ἐστι
788 1145 849 1209 τού
872 1138 938 1208 ἀπὸ
962 1142 1025 1226 τῆς
1048 1143 1085 1204 N
1088 1143 1120 1204 0.

54 1262 87 1311 10
107 1251 175 1314 ἔστι
204 1244 242 1313 δέ
268 1246 324 1312 καὶ
350 1243 371 1333 ἡ
396 1249 432 1316 ἐκ
454 1251 516 1316 τού
543 1249 685 1336 κέντρου
707 1251 766 1334 τῆς
789 1252 934 1335 σφαίρας
956 1249 1017 1331 τῆς
1041 1268 1122 1330 περι-

105 1351 342 1439 λαμβανούσης
364 1353 424 1421 τὸν
447 1352 555 1438 κύβον
580 1351 721 1440 δυνάμει
744 1357 950 1440 τριπλασίων
972 1354 1036 1438 τῆς
1054 1349 1122 1437 ἡμν

106 1464 197 1537 σείας
220 1461 277 1543 τῆς
299 1462 360 1527 τού
378 1461 485 1546 κύβου
503 1463 660 1547 πλευροῖς·
684 1461 915 1548 προδέδεικται
933 1455 1000 1544 γὰρ
1021 1455 1124 1542 κύβον

106 1564 339 1651 συστήσασθαι
361 1565 416 1633 καὶ
441 1572 571 1658 σφαίρᾳ
594 1571 787 1653 περιλαβεῖν
809 1565 865 1634 καὶ
889 1565 1006 1652 δείξαι,
1030 1557 1122 1648 ὅτιὴ

106 1675 165 1758 τῆς
193 1675 338 1759 σφαίρας
365 1671 543 1761 διάμετρος
570 1672 713 1760 δυνάμει
740 1676 944 1762 τριπλασίων
972 1671 1044 1738 ἐστὶ
1072 1679 1126 1755 τῆς

55 1794 87 1842 15
106 1782 251 1864 πλευρᾶς
282 1782 343 1847 τοῦ
376 1777 492 1864 κύβου.
543 1783 574 1847 εί
606 1778 644 1847 δέ
677 1777 738 1866 ὅλη
770 1782 830 1866 τῆς
858 1775 952 1864 ὅλης,
986 1777 1044 1844 καὶ
1079 1773 1123 1863 [ἡ]

106 1882 240 1970 ἡμίσεια
266 1887 325 1970 τῆς
357 1881 521 1971 ἡμισείας·
554 1890 613 1953 καί
643 1887 734 1953 ἐστιν
761 1882 781 1970 ἡ
811 1891 849 1950 Ν
853 1890 882 1950 O
908 1879 1045 1970 ἡμίσεια
1073 1885 1125 1967 τῆς

107 2001 168 2058 τοῦ
195 1989 314 2075 κύβου·
329 1995 485 2077 πλευρᾶς·
514 1989 535 2077 ἡ
563 1991 629 2079 ύρα
661 1997 725 2059 ΥΩ
752 1999 807 2077 ίση
837 1990 905 2059 ἐστὶ
932 1999 972 2076 τῇ
1005 1991 1041 2057 έκ
1065 1998 1120 2056 τοῦ

107 2097 247 2182 κέντρον
270 2099 329 2182 τῆς
352 2103 498 2187 σφαίρας
518 2109 578 2184 τῆς
600 2095 914 2184 περιλαμβανούσης
931 2093 994 2163 τὸν
1013 2095 1122 2182 κύβον.

107 2207 166 2267 καί
191 2205 260 2270 ἐστι
287 2199 325 2270 τὸ
349 2208 382 2268 Ω
410 2205 550 2291 κέντρον
577 2208 636 2290 τῆς
664 2208 810 2291 σφαίρας
838 2205 896 2288 τῆς
923 2206 1122 2288 περιλαμβα·

56 2325 90 2374 20
109 2305 234 2393 νούσης
260 2305 321 2375 τὸν
347 2308 468 2393 κύβον·
497 2308 535 2378 τὸ
568 2319 598 2377 Y
621 2309 686 2400 ἄρα
715 2323 854 2397 σημεῖον
882 2305 967 2397 πρὸς
994 2312 1035 2396 τῇ
1066 2311 1122 2377 έπι·

110 2417 233 2503 φανείη
251 2413 320 2481 ἐστί
338 2417 396 2499 τῆς
415 2421 568 2504 σφαίρας.
606 2413 730 2503 ὁμοίως
749 2415 790 2501 δὴ
812 2415 977 2501 δείξομεν,
1003 2412 1057 2483 ὅτι
1075 2412 1120 2481 καί

109 2518 230 2605 ἑκάστη
253 2522 321 2587 τῶν
344 2525 472 2589 λοιπῶν
495 2531 631 2607 γωνιῶν
652 2525 713 2589 τού
733 2523 968 2608 δωδεκαέδρου
987 2519 1073 2608 πρὸς
1090 2519 1120 2608 τῇ

111 2628 287 2716 ἐπιφανείᾳ
311 2627 380 2694 ἐστὶ
403 2631 461 2714 τῆς
484 2634 641 2715 σφαίρας·
666 2633 894 2716 περιείληπται
917 2624 983 2715 ύρα
1006 2625 1046 2696 τὸ
1072 2631 1120 2696 δυ

111 2731 293 2820 δεκύεδρον
316 2736 356 2821 τῇ
381 2737 522 2821 δοθείση
546 2739 683 2824 σφαίρᾳ.

185 2979 337 3048 1.,ΝΕΒ
358 2996 426 3034 corr.
445 2985 526 3036 ml.
595 2975 763 3038 3..έστινΡ
823 2987 849 3035 4
868 2981 1070 3066 ΝΟ]ΝΕΒ

113 3056 137 3104 9.
159 3045 228 3121 ἄρα]
248 3068 303 3105 om.
322 3068 348 3119 q.
427 3051 491 3121 τοῦ]
511 3047 589 3119 τόη.
677 3057 718 3107 10.
738 3049 814 3107 ἔστιν
832 3052 892 3108 PB.
979 3054 1074 3126 της](
1064 3052 1125 3121 (σία)

112 3120 202 3174 bisb.
295 3129 335 3176 12.
355 3122 444 3193 τῆς]“
436 3136 489 3176 ms
507 3140 544 3176 m
565 3120 633 3177 IV.
733 3122 923 3192 δέδεικταιη.
1024 3130 1069 3182 14
1088 3125 1126 3178 δα

112 3187 214 3263 νύμει]
243 3209 296 3247 om
316 3192 346 3246 P
441 3192 652 3281 διπλασίωνΒ,
681 3211 750 3249 corr.
774 3213 811 3249 m.
830 3210 884 3250 ree.
977 3190 1058 3252 ἐστίν
1081 3193 1127 3251 PR

213 3267 253 3319 15.
274 3259 403 3351 squ.
498 3258 587 3333 ἡολη
610 3263 665 3346 Bq
762 3261 793 3337 ἡ]
817 3264 946 3335 postea
938 3283 991 3321 ms.
1010 3284 1051 3324 m.
1073 3265 1127 3336 lP,

114 3330 940 3426 είεη.16.ἡμίοεια-ΝΟ]ὶ)ἱεΡ,ροείοαοοαιτ
945 3355 983 3392 m.
1006 3344 1032 3392 1.

112 3409 155 3460 17.
176 3399 301 3460 έστίνΡ.
417 3413 459 3461 19.
485 3402 610 3461 έστι.νΒ
718 3413 760 3463 20.
785 3424 866 3476 σημει
857 3413 902 3461 ιον
921 3403 1026 3477 ύραη.

101 3483 146 3536 22.
168 3498 223 3550 την
243 3474 478 3554 ἐπιφύνειανη,
496 3477 577 3536 vbis
595 3494 682 3550 εοριε.
697 3494 751 3534 τοι
765 3496 807 3532 το.
822 3478 886 3532 th
952 3484 997 3536 23
1013 3477 1129 3538 έστίνΡ.
