2340 3818
104 156 145 218 10
471 159 673 212 ΣΤΟΙΧΕΙΩΝ
691 153 743 212 ια’.

100 301 146 389 τῷ
169 294 376 389 ὑποκειμένῳ
400 299 558 390 ἐπιπέδῳ,
582 297 619 366 τδ
645 298 682 366 δέ
706 300 743 366 έν
763 299 1006 389 μετεωροτέρῳ·
1031 296 1115 384 ὅπερ
1153 290 1161 297 ’

102 407 169 470 ἐδει
193 405 306 484 δεῖξαι.

165 631 252 701 Ἐἀν
276 633 348 701 δύο
372 629 528 701 εὐθεῖαι
551 635 746 719 τέμνωσιν
770 631 959 720 ἀλλήλας,
988 636 1029 702 ἐν
1053 635 1119 701 ἑνί

65 756 81 806 5
101 744 204 807 εἰσιν
227 741 411 830 ἐπιπέδῳ,
439 738 503 806 καὶ
527 742 602 806 πάν
624 745 824 825 τρίγωνον
852 742 893 808 ἐν
917 740 984 807 ένί
1004 741 1116 806 ἐστιν

101 847 280 937 ἐπιπέδῳ.

168 953 243 1020 Δύο
267 949 332 1039 χάρ
356 949 486 1019 εὐθεῖαι
505 955 543 1019 αλ
558 959 638 1037 ΑΒ,
657 957 725 1018 ΓΛ
741 953 951 1039 τεμνέτωσαν
969 948 1117 1037 ἀλλήλας

100 1057 182 1125 κατὰ
213 1055 250 1124 τὸ
281 1065 312 1123 Ε
338 1071 489 1144 σημεῖον·
517 1058 618 1143 λέγω,
650 1055 702 1125 ὅτι
732 1061 770 1124 αἱ
795 1065 876 1143 AB,
900 1064 970 1125 ΓΛ
998 1058 1034 1124 ἐν
1063 1058 1120 1124 ἑνί

101 1167 186 1230 εἰσιν
205 1164 360 1255 ἐπιπέδῳ,
378 1165 433 1230 καὶ
451 1167 519 1230 πᾶν
538 1168 704 1250 τρίγωνον
723 1164 760 1230 ἐν
779 1164 833 1231 ένί
848 1166 938 1231 ἐστιν
958 1163 1113 1253 ἐπιπέδῳ.

49 1287 82 1337 10
169 1268 336 1354 Εἰλήφθω
364 1266 429 1355 γὰρ
458 1268 510 1336 ἐπὶ
538 1272 606 1336 τῶν
630 1273 707 1354 ΕΓ,
731 1274 794 1334 ΕΒ
821 1267 964 1355 τυχόντα
994 1283 1116 1355 σημεῖα

99 1372 140 1441 τδι
161 1382 203 1460 Ζ,
215 1380 273 1460 H,
295 1374 351 1441 καὶ
370 1373 620 1461 ἐπεζεύχθωσαν
640 1376 678 1441 αἱ
689 1379 767 1458 ΓΒ,
787 1381 869 1461 ΖΗ,
888 1375 945 1442 καὶ
964 1373 1113 1462 διήχθω·

101 1499 165 1547 σαν
198 1484 235 1547 αἱ
261 1487 337 1565 ΖΘ,
364 1487 453 1548 ΗΚ·
485 1481 570 1566 λέγω
597 1484 745 1568 πρῶτον,
776 1480 828 1548 ὅτι
856 1479 894 1548 ιδ
923 1487 1018 1548 ΕΓΒ
1046 1487 1117 1569 τρί-

99 1612 212 1672 γωνον
240 1588 277 1654 έν
305 1586 359 1654 ένί
384 1588 474 1654 ἐστιν
498 1587 649 1676 ἐπιπέδῳ.
695 1590 726 1654 εἰ
751 1586 816 1673 γάρ
841 1589 911 1653 ἐστι
932 1591 994 1655 τοῦ
1018 1594 1116 1655 ΕΓΒ

100 1690 268 1778 τρνγάνον
290 1693 390 1779 μέρος
413 1690 488 1778 ήτοι
510 1690 548 1759 τὸ
570 1697 668 1758 ΖΘΓ
690 1688 711 1777 ή
731 1691 768 1760 τὸ
787 1699 895 1760 ΗΒΚ
912 1695 948 1761 ἐν
967 1697 1013 1786 τῳ
1032 1691 1117 1761 ὑπο-

48 1815 81 1864 15
100 1799 239 1888 κειμένῳ
265 1800 452 1891 [ἐπιπέδῳ],
479 1797 517 1866 τὸ
543 1797 580 1865 δὲ
603 1795 722 1865 λοιπὸν
750 1799 786 1865 ἐν
810 1796 915 1890 ἀλλῳ,
945 1804 1035 1866 ἔσται
1058 1802 1117 1867 καὶ

101 1907 179 1989 μιᾶς
201 1908 270 1971 τῶν
288 1909 365 1989 ΕΓ,
385 1911 448 1971 ΕΒ
472 1902 616 1971 εὐθειῶν
641 1905 739 1990 μέρος
763 1905 823 1990 μέν
846 1929 878 1970 τι
902 1905 937 1971 έν
961 1909 1006 1996 τῳ
1030 1905 1116 1972 ὑπο-

100 2010 240 2099 κειμένῳ
268 2012 427 2101 ἐπιπέδῳ,
459 2008 496 2078 τδ
527 2009 564 2078 δέ
591 2012 627 2078 έν
656 2008 755 2101 ἀλλῳ.
805 2015 837 2077 εί
863 2009 901 2078 δὲ
929 2014 990 2078 τοῦ
1017 2015 1115 2078 ΕΓΒ

100 2114 268 2201 τριγώνου
289 2115 327 2183 τὸ
353 2121 491 2182 ΖΓΒΗ
512 2117 611 2203 μέρος
640 2108 661 2204 ή
686 2118 790 2207 ἐντῷ
814 2113 1021 2206 ὑποκειμένῳ
1046 2118 1116 2184 ἐπι-

101 2223 201 2311 πέδῳ,
220 2221 258 2289 τὸ
278 2221 316 2289 δὲ
334 2223 453 2290 λοιπδν
472 2223 509 2289 έν
528 2221 629 2313 ἀλλῳ,
649 2227 740 2289 ἔσται
758 2223 814 2288 καὶ
833 2218 1031 2309 ἀμφοτέρων
1045 2225 1117 2290 τῶν

46 2345 83 2394 20
103 2332 180 2410 ΕΓ,
198 2335 261 2394 ΕΒ
285 2324 430 2396 εὐθειῶν
453 2329 552 2415 μέρος
570 2328 631 2414 μέν
649 2355 681 2396 τι
700 2329 736 2395 ἐν
755 2331 800 2420 τῳ
819 2324 1026 2418 ὑποκειμένῳ
1046 2330 1117 2395 ἐπι-

101 2435 206 2525 πέδῳ,
229 2431 266 2500 τδ
291 2432 329 2500 δὲ
352 2434 388 2500 ἐν
412 2431 515 2525 ἀλλῳ·
541 2433 622 2521 ὅπερ
645 2431 772 2501 ἀτοπον
796 2434 940 2520 ἐδείχθη.
985 2431 1023 2499 τὸ
1049 2430 1117 2521 ἀρα

101 2544 197 2606 ΕΓΒ
224 2545 390 2632 τρίγωνον
418 2540 455 2606 ἐν
483 2539 537 2606 ἑνί
557 2540 647 2607 ἐστιν
670 2540 822 2630 ἐπιπέδῳ.
868 2540 905 2606 ἐν
928 2527 954 2627 ᾧ
980 2538 1019 2604 δέ
1044 2540 1117 2606 ἐστι

101 2642 139 2712 τὸ
167 2650 262 2712 ΕΓΒ
290 2650 471 2733 τρίγωνον,
504 2647 540 2713 ἐν
567 2644 673 2735 τούτῳ
701 2645 756 2712 καὶ
785 2644 921 2730 ἑκατέρα
944 2646 1012 2711 τῶν
1035 2650 1116 2731 ΕΓ,

102 2756 180 2836 ΕΒ,
204 2753 240 2819 έν
264 2742 291 2843 ᾦ
315 2750 353 2819 δὲ
375 2751 512 2839 ἑκατέρα
534 2755 602 2819 τῶν
621 2757 698 2836 ΕΓ,
716 2758 795 2834 ΕΒ,
820 2749 980 2842 ἐντούτῳ
1003 2750 1119 2817 καλαί

46 2875 83 2926 15
102 2864 183 2942 ΑΒ,
203 2861 277 2925 ΓΔ.
320 2860 357 2923 αἱ
374 2863 453 2942 ΑΒ,
472 2862 538 2923 ΓΔ
560 2858 626 2945 ἀρα
649 2855 780 2925 εὐθεῖαι
804 2858 841 2923 έν
864 2857 918 2924 ἑνί
938 2860 1025 2923 εἰσιν
1048 2857 1117 2922 ἐπι-

101 2963 207 3054 πέδῳ,
234 2963 290 3030 καὶ
317 2965 384 3029 πᾶν
410 2967 575 3049 τρίγωνον
600 2965 636 3031 έν
660 2963 714 3030 ἑνί
734 2963 823 3030 ἐστιν
847 2964 1003 3054 ἐπιπέδῳ·
1032 2960 1118 3053 ὅπερ

102 3073 170 3136 ἔδει
194 3070 307 3151 δεῖξαι.

174 3269 198 3316 1.
217 3258 249 3316 τδ
269 3259 315 3333 δέ]
332 3263 387 3331 Pb,
406 3260 489 3332 μέρος
507 3260 540 3317 δέ
558 3282 585 3316 ιι
602 3261 691 3319 BFV.
761 3256 913 3335 ἐν]ἐντῷ
932 3264 963 3318 Ε.
1024 3263 1105 3321 ms

101 3333 205 3389 om.
279 3332 658 3404 10.ssr,Ess]1nras.v.
733 3338 773 3387 11.
800 3333 1066 3404 ονμοεεειον
1109 3380 1115 3394 ,

157 3410 198 3459 12.
217 3405 311 3475 ΕΓΒ]
331 3403 422 3460 lim
441 3403 471 3457 in
489 3420 543 3458 ras.
558 3422 595 3457 m.
612 3410 625 3456 1
640 3403 676 3469 P;
695 3402 821 3457 EBPB.
878 3410 918 3458 14.
936 3406 1014 3459 ΖΓΘ
1026 3404 1057 3461 P.

89 3468 127 3525 lo
144 3479 242 3530 -16,
262 3469 353 3550 ἄλλῳ]
373 3491 427 3530 om.
447 3473 475 3544 b,
498 3491 555 3545 mg.
573 3490 611 3528 m.
631 3481 646 3528 1
666 3473 700 3528 V.
789 3480 831 3530 1ο.
851 3469 988 3547 ἐπιπέδῳ]
1009 3493 1062 3532 om.
1084 3477 1117 3534 P.
