2340 3818
98 141 164 206 390
483 143 665 194 APPENDIX
683 143 718 193 IL

97 281 134 350 τὸ
167 283 515 371 παραλληλόγραμμον
551 287 612 351 τοῦ
644 281 826 370 τριγώνου,
864 289 920 348 ίσα
954 284 1050 347 ἔσται
1078 277 1120 345 τδι

98 394 275 475 πρίσματα.

146 491 254 563 ’Ἑστω
266 494 329 562 δύο
339 499 506 583 πρίσματα
517 499 641 581 ἰσουψῆ
651 495 691 562 τὰ
697 499 1120 580 ΑΒΓΔΕΖ,ΗΘΚΔΜΝ,

97 600 208 669 καὶτὸ
229 600 290 687 μὲν
309 602 407 687 ἐχέτω
425 607 591 688 τρίγωνον
610 600 711 686 βάσιν
729 599 766 668 τὸ
782 607 817 667 Κ
822 607 896 667 ΛΝ
897 651 907 686 ,
926 598 964 667 τὸ
983 599 1022 667 δὲ
1036 623 1121 686 παρ-

99 706 379 794 αλληλόγραμμον
406 710 444 774 τδ
469 712 617 792 ΒΓΔΕ,
645 708 701 774 καὶ
729 712 812 775 ἔστω
834 707 872 774 τὸ
897 711 1037 774 ΒΓΔΕ
1057 709 1121 773 τοῦ

98 820 136 880 Ν
140 819 207 879 ΚΛ
237 812 406 899 τριγώνου
438 814 624 882 διπλάσιον.
674 814 775 899 λέγω,
808 810 860 880 ὅτι
890 821 947 879 ίσα
976 812 1048 880 ἐστὶ
1077 812 1120 879 τὰ

98 924 274 1007 πρίσματα.
323 918 555 1006 πεπληρώσθω
588 918 653 1006 γὰρ
684 918 724 986 τὰ
752 917 947 1005 παράλληλα
977 919 1122 986 ἐπίπεδα

99 1023 138 1092 τὰ
170 1032 251 1109 ΑΔ,
283 1030 363 1092 ΗΛ.
413 1025 483 1092 ἐπεὶ
511 1019 575 1092 οὖν
606 1023 644 1094 τὸ
673 1032 736 1092 ΒΔ
765 1023 1121 1112 παραλληλόγραμμον

100 1135 159 1199 τοῦ
174 1138 212 1197 Ν
213 1138 248 1197 Κ
251 1137 283 1196 A
306 1129 475 1217 τριγώνου
494 1131 562 1198 ἐστὶ
582 1131 771 1218 διπλάσιον,
795 1136 864 1198 ἔστι
879 1131 917 1199 δὲ
929 1135 992 1197 τού
1007 1139 1047 1199 N
1049 1139 1087 1199 K
1090 1140 1122 1199 A

98 1236 266 1325 τριγώνου
290 1235 470 1305 διπλάσιον
492 1235 529 1306 τὸ
553 1244 625 1305 NA
648 1239 1012 1326 παραλληλόγραμμον,
1039 1245 1119 1307 ἴσον

100 1341 165 1431 ἄρα
189 1344 257 1410 ἐστὶ
281 1344 319 1411 τὸ
341 1350 408 1410 BA
430 1348 475 1435 τῷ
495 1350 575 1411 NA.
618 1344 671 1411 ἐπὶ
695 1351 779 1411 ίσων
803 1336 866 1411 οὖν
889 1344 1024 1428 βάσεων
1048 1347 1120 1413 τών

100 1457 184 1534 BA,
221 1457 293 1517 NA
325 1455 449 1536 ἰσουψῆ
483 1452 551 1518 ἐστι
583 1448 699 1537 στερεὰ
731 1454 1046 1538 παραλληλεπίπεδα
1080 1449 1122 1517 τὰ

101 1564 131 1622 Α
138 1564 185 1640 Δ,
213 1562 292 1625 ΗΛ.
342 1564 399 1624 ίσα
427 1556 517 1624 ἐστίν
545 1554 711 1643 ἀλλήλοις.
760 1553 843 1624 ἆλλδι
871 1561 933 1624 τοῦ
960 1555 1022 1644 μὲν
1053 1566 1122 1624 ΑΔ

100 1658 204 1746 ἥμισύ
227 1664 295 1729 ἐστι
318 1661 356 1729 τὸ
381 1668 581 1730 ΑΒΓΔΕΖ
604 1668 744 1749 πρίσμα,
772 1666 832 1730 τοῦ
856 1662 895 1730 δὲ
917 1668 956 1728 Η
958 1670 990 1729 Λ
1012 1663 1122 1749 ἥμισυ

100 1765 138 1834 τὸ
162 1774 355 1835 ΗΘΚΛΜ
373 1772 507 1854 πρίσμα.
542 1768 598 1835 καί
620 1767 658 1835 τὸ
675 1774 877 1836 ΑΒΓΔΕΖ
900 1765 966 1854 ἄρα
989 1775 1121 1856 πρίσμα

100 1877 146 1965 τῷ
170 1880 402 1942 ΗΘΚΛΜΝ
420 1880 577 1962 πρίσματι
597 1882 673 1942 ἴσον
688 1877 792 1943 ἐστίν·
815 1877 900 1961 ὅπερ·
919 1878 986 1942 ἔδει
1002 1878 1120 1957 δείξαι.

302 1978 490 2049 Εὐκλείδου
509 1987 682 2068 στοιχείων
706 1990 850 2069 στερεῶν
873 1987 918 2048 λα.

49 2198 101 2253 ΧΠ
346 2173 568 2244 Εὐκλείδου
592 2181 803 2263 στοιχείων
826 2163 874 2261 ι-β.

66 2330 82 2378 1
172 2295 220 2364 Τδι
244 2300 281 2366 ἐν
302 2313 374 2378 τοῖς
395 2301 530 2380 κύκλοις
553 2297 652 2386 ὅμοια
680 2300 860 2386 πολύγωνα
882 2299 967 2386 πρὸς
990 2296 1123 2385 ἄλληλά

102 2406 192 2471 ἐστιν
217 2401 261 2483 ὡς
283 2402 323 2470 τὰ
348 2402 413 2472 ἀπὸ
438 2410 507 2474 τών
531 2407 717 2493 διαμέτρων
739 2405 939 2493 τετράγωνα.

66 2516 69 2520 ’
169 2516 318 2579 ἔστωσαν
341 2509 457 2578 κύκλοι
486 2514 521 2578 οί
542 2518 691 2595 ΑΒΓΔ,
719 2517 876 2596 ΗΘΚΛ,
904 2511 960 2578 καὶ
988 2512 1026 2578 ἐν
1050 2525 1123 2592 τοῖς

102 2626 249 2705 ΑΒΓΔ,
278 2624 413 2686 ΗΘΚΛ
437 2616 537 2704 ὅμοια
560 2617 740 2704 πολύγωνα
762 2622 845 2685 ἔστω
868 2616 909 2684 τὰ
933 2623 1121 2701 ΑΒΓΔΕ,

101 2733 303 2812 ΗΘΚΛΜ,
329 2724 500 2811 διάμετροι
513 2725 561 2792 δὲ
579 2729 648 2793 τών
666 2724 799 2793 κύκλων
819 2729 969 2792 ἔστωσαν
988 2725 1026 2790 αί
1043 2731 1122 2807 ΒΖ,

102 2840 178 2902 ΘΝ.
224 2835 325 2919 λέγω,
350 2831 400 2900 ὅτι
424 2834 517 2902 ἐστὶν
540 2829 586 2912 ὡς
607 2830 645 2899 τὸ
665 2829 730 2898 ἀπὸ
749 2835 808 2916 τῆς
826 2836 888 2896 ΒΖ
906 2829 1122 2916 τετράγωνον

103 2938 186 3025 πρὸς
208 2937 245 3006 τδ
270 2935 336 3006 ιἰπὸ
360 2942 418 3025 τῆς
442 2945 514 3006 ΘΝ
531 2936 750 3025 τετράγωνον,
774 2935 881 3014 οὕτως
902 2933 941 3003 τὸ
964 2940 1125 3003 ΑΒΓΔΕ

102 3044 304 3130 πολύγωνον
322 3043 406 3131 πρὸς
423 3045 462 3112 τὸ
477 3050 669 3112 ΗΘΚΛΜ
677 3041 884 3128 πολύγωνον.
918 3040 1122 3128 ἐπεζεύχθω-

104 3170 169 3218 σαν
191 3151 257 3238 γδιρ
282 3153 319 3219 αί
339 3158 418 3236 ΒΕ,
442 3160 522 3236 ΑΖ,
547 3157 634 3236 ΘΜ,
657 3156 740 3217 ΗΝ
786 3149 841 3215 καὶ
866 3150 939 3215 ἐπεί
959 3149 1051 3214 ἐστιν
1075 3144 1122 3226 ώς

104 3256 125 3344 ἡ
156 3265 217 3324 ΒΑ
244 3255 327 3345 πρὸς
355 3265 435 3342 ΑΕ,
466 3257 572 3337 οὕτως
598 3254 618 3343 ἡ
647 3263 720 3323 ΘΗ
742 3253 825 3342 πρὸς
851 3252 915 3339 τὴν
941 3259 1036 3337 ΗΜ,
1065 3255 1122 3320 καὶ
1155 3287 1161 3297 ·

104 3366 179 3453 περὶ
199 3372 273 3445 ίσας
290 3369 414 3452 γωνίας
432 3363 490 3443 τδις
504 3361 570 3430 ὑπὸ
585 3372 652 3430 τῶν
665 3368 780 3446 ΒΑΕ,
799 3365 914 3427 ΘΗΜ
931 3361 968 3426 αί
979 3361 1123 3445 πλευραὶ

88 3470 270 3564 ώννίλογύν
297 3478 400 3567 εἰσιν,
430 3470 554 3565 ὅμοιον
584 3469 653 3562 ἄρα
681 3468 750 3538 ἐστὶ
774 3465 814 3533 το
841 3472 938 3531 ΑΒΕ
955 3469 1123 3547 τρίγωνον
