2340 3818
344 144 621 196 ELEMENTORUM
638 146 747 198 LIBER
765 148 826 200 XII.
1029 145 1095 209 229

75 289 155 350 AN
183 287 338 352 circulum
371 289 506 352 ΕΖΗΘ
537 305 603 352 non
635 288 805 373 contingit.
860 289 964 354 multo
992 290 1095 376 igitur

73 392 181 477 magis
214 397 293 474 ΛΔ,
331 397 408 458 AN
413 473 417 483 Ι
440 394 593 458 circulum
622 397 758 459 ΕΖΗΘ
793 415 858 457 non
891 395 1094 481 contingunt.

73 499 188 583 itaque
206 499 234 563 si
253 502 358 564 rectas
376 503 484 565 rectae
499 504 566 564 ΛΔ
584 501 733 584 aequales
748 501 783 565 in
797 500 954 565 circulum
969 504 1095 567 ΑΒΓΔ

74 605 230 669 continue
263 606 485 690 aptauerimus
520 603 589 693 [IV,
623 609 669 691 l],
701 607 736 671 in
768 608 925 673 circulum
958 612 1096 673 ΑΒΓΔ

74 711 276 795 polygonum
300 713 554 797 aequilaterum,
581 713 671 779 cuius
695 714 798 778 latera
821 713 914 799 paria
938 719 1015 780 sunt
1037 738 1094 779 nu·

74 838 180 901 mero,
206 817 255 883 ita
277 819 504 903 inscribemus,
531 825 569 885 ut
597 821 755 885 minorem
779 820 934 887 circulum
958 824 1095 886 ΕΖΗΘ

75 945 145 988 non
168 927 298 1010 tangat3
323 925 409 1009 quod
432 927 606 1010 oportebat
627 927 706 992 fieri.

532 1101 638 1168 XVII.

143 1223 240 1290 Datis
260 1226 383 1292 duabus
402 1226 550 1312 sphaeris
570 1227 691 1292 circum
709 1228 795 1292 idem
815 1235 963 1295 centrum
976 1230 1093 1314 positis

74 1331 285 1397 in-maiorem
301 1332 473 1416 sphaeram
489 1332 628 1397 solidum
642 1334 834 1417 polyedrum
849 1336 896 1400 ita
909 1337 1094 1420 inscribere,

73 1441 112 1502 ut
126 1438 286 1503 minorem
302 1437 474 1522 sphaeram
488 1438 664 1503 secundum
681 1441 881 1524 superficiem
893 1464 959 1506 non
968 1445 1094 1528 tangat.

141 1543 324 1630 Fingantur
338 1545 419 1609 duae
438 1544 595 1628 sphaerae
619 1544 738 1611 circum
757 1547 841 1611 idem
862 1552 1008 1614 centrum
1022 1547 1093 1635 Ast)

78 1653 206 1732 oportet
224 1651 328 1734 igitur
340 1651 375 1714 in
389 1651 546 1714 maiorem
561 1650 732 1734 sphaeram
747 1653 886 1717 solidum
901 1654 1093 1738 polyedrum

75 1755 123 1820 ita
145 1757 329 1841 inscribere,
352 1760 390 1821 ut
412 1757 570 1821 minorem
595 1758 767 1841 sphaeram
791 1760 966 1824 secundum
986 1782 1094 1845 super-

71 1862 180 1928 ficiem
202 1885 270 1928 non
292 1866 417 1948 tangat.

143 1972 292 2033 secentur
324 1969 479 2053 sphaerae
511 1969 608 2052 plano
640 1969 747 2053 aliquo
777 1991 836 2054 per
864 1973 1009 2035 centrum
1036 1993 1093 2054 po·

73 2076 149 2140 sito.
191 2075 349 2140 sectiones
377 2075 479 2160 igitur
503 2075 615 2141 circuli
641 2080 749 2158 erunt,
777 2077 931 2161 quoniam
956 2077 1094 2160 sphaera

73 2184 149 2246 orta
173 2185 222 2245 est
250 2185 402 2246 manente
428 2181 586 2245 diametro
620 2185 652 2246 et
673 2182 867 2248 circumacto
891 2184 1092 2250 semicirculo

73 2286 137 2368 [XI
171 2287 232 2352 def.
269 2289 338 2373 14];
376 2309 474 2371 quara
510 2288 545 2352 in
582 2309 771 2372 quacunque
805 2288 967 2372 positione
1000 2291 1093 2355 semi-

71 2394 230 2459 circulum
254 2394 455 2476 finxerimus,
484 2395 617 2478 planum
646 2416 705 2478 per
728 2417 800 2460 eum
825 2396 956 2462 ductum
980 2397 1093 2461 sectio·

72 2522 150 2565 nem
178 2501 212 2565 in
239 2500 408 2583 superficie
436 2501 592 2584 sphaerae
625 2501 744 2566 efficiet
771 2502 934 2567 circulum.
985 2506 1018 2566 et
1040 2502 1093 2567 ad-

73 2609 183 2692 paret,
212 2606 311 2670 etiam
338 2607 514 2671 maximum
545 2607 701 2671 circulum
730 2605 762 2669 id
796 2609 983 2673 effecturum
1012 2629 1093 2692 esse,

74 2713 227 2796 quoniam
256 2711 433 2776 diametrus
461 2711 634 2796 sphaerae,
665 2733 747 2796 quae
776 2711 887 2776 eadem
916 2713 1091 2778 diametrus

73 2822 126 2883 est
150 2817 343 2882 semicirculi
365 2821 398 2881 et
419 2817 523 2901 ipsius
548 2817 668 2901 circuli,
690 2820 727 2881 ut
750 2817 894 2902 adparet,
917 2819 1022 2884 maior
1040 2823 1092 2884 est

73 2924 224 2989 omnibus
248 2922 356 3006 rectis,
382 2923 522 3008 quaein
546 2923 666 2988 circulo
689 2923 743 2988 uel
768 2923 907 3007 sphaera
931 2925 1091 2990 ducuntur

147 3119 174 3185 1)
193 3116 327 3185 Figuram
346 3115 411 3170 dadi
429 3132 462 3170 ex
476 3114 511 3182 P3
531 3114 597 3168 inB
615 3118 695 3170 recta
707 3118 766 3169 ΚΩ
786 3113 891 3170 omissa
909 3116 959 3171 est.
987 3132 1091 3171 nouam

74 3187 228 3243 delineauit
246 3185 410 3256 Peyrardus.

72 3330 108 3397 P,
128 3349 171 3398 γρ.
191 3323 367 3396 ἐπιφάνειαν
385 3343 470 3396 supra
486 3344 523 3381 m.
542 3343 598 3381 reo.
672 3333 714 3384 19.
736 3323 888 3398 lpivsroV
908 3327 985 3396 (ante
1002 3347 1019 3381 τ
1036 3344 1089 3384 ras.

75 3407 89 3454 1
109 3399 167 3455 litt.
186 3402 216 3453 et
234 3400 365 3454 accentus
383 3397 474 3466 corn).
530 3402 573 3452 28.
593 3393 668 3453 ἐστίν
687 3397 716 3455 Ρ.
772 3404 814 3455 24.
829 3398 896 3468 καί]
910 3398 962 3453 ins.
977 3417 1013 3452 m.
1031 3400 1090 3454 1V.

146 3475 189 3526 26.
209 3465 346 3541 adustas]
367 3485 420 3524 om.
438 3468 469 3524 P.
