2340 3818
111 135 176 198 316
480 137 682 190 Σεοιιιειοει
699 133 749 206 ιγ’.

437 331 439 335 ’
524 312 716 401 Πόρισμα.

176 433 230 503 Ἐκ
258 434 299 523 δὴ
328 435 451 504 τούτου
478 435 644 525 φανερόν,
673 434 724 504 ὅτι
750 433 771 524 ἡ
800 447 861 524 τῆς
887 440 1034 523 σφαίρας
1055 436 1113 505 διά-

111 568 229 629 μετρος
252 541 395 629 δυνάμει
417 547 672 612 πενταπλασίων
691 544 761 612 έστὶ
781 553 841 631 τῆς
859 545 896 612 ἐκ
913 553 976 610 τοῦ
990 545 1116 632 κέντρου

110 651 171 716 τοῦ
189 648 327 735 κύκλου,
351 645 411 735 ἀφ’
438 639 480 717 ού
497 646 536 717 τὸ
556 651 773 738 εἰκοσάεδρον
792 647 1052 738 ἀναγέγραπται,
1071 650 1116 717 καὶ

75 752 163 826 δὸτι
186 751 206 841 ἡ
231 758 289 841 της
312 758 459 841 σφαίρας
482 754 658 842 διάμετρος
682 753 851 840 σύγκειται
875 759 913 822 ἑκ
934 780 972 822 τε
994 758 1053 842 τῆς
1067 759 1118 824 τοῦ

111 860 282 947 ἑξαγώνου
313 861 369 928 καὶ
397 859 460 928 δύο
487 865 556 928 τῶν
583 864 645 928 τοῦ
674 858 868 946 δεκαγώνου
895 864 966 929 τῶν
995 865 1043 942 είς
1069 860 1118 930 τὸν

112 965 218 1036 αὐτὸν
241 966 367 1034 κύκλον
391 968 660 1054 ἐγγραφομένων.
707 965 788 1053 ὅπερ
812 970 880 1034 ἔδει
904 969 1022 1049 δεῖξαι.

594 1162 647 1243 ιζ’.

178 1283 468 1370 Δωδεκάεδρον
487 1284 761 1379 συστήσασθαι
779 1285 843 1353 καὶ
859 1289 1013 1376 σφαίρᾳ
1026 1309 1117 1375 περι·

59 1414 91 1463 10
111 1396 264 1476 λαβεῖν,
298 1381 319 1476 ᾗ
351 1390 415 1456 καί
447 1388 492 1456 τὰ
526 1389 798 1476 προειρημένα
830 1389 1029 1478 σχήματα,
1066 1389 1119 1458 καὶ

111 1497 256 1581 δεῖξαι,
280 1493 340 1563 ὅτι
362 1492 384 1581 ἡ
406 1497 477 1562 τοῦ
500 1498 785 1586 δωδεκαέδρου
807 1496 958 1584 πλευρὰ
980 1495 1121 1587 άλογάς

111 1604 219 1670 ἐστιν
242 1599 263 1688 ἡ
287 1601 513 1687 καλουμένη
537 1600 725 1688 άποτομη.

174 1707 419 1776 Ἐκκείσθωσαν
437 1710 498 1775 τοῦ
516 1709 762 1795 προειρημένου
780 1707 888 1794 κύβου
907 1707 972 1776 δύο
992 1711 1122 1777 ἐπίπεδα

109 1814 193 1904 πρὸς
217 1813 324 1903 ὀρθάς
346 1811 503 1900 ἀλλήλοις
524 1812 565 1882 τὰ
588 1820 739 1902 ΑΒΓΔ,
763 1799 910 1900 ΓΒΕΖ,
934 1815 991 1882 καὶ
1016 1814 1122 1902 τετμή-

59 1944 90 1993 15
110 1931 184 1990 σθω
209 1920 328 2007 ἑκάστη
351 1931 419 1988 τῶν
442 1927 523 2004 ΑΒ,
552 1926 624 2006 ΒΓ,
652 1926 730 2006 ΓΔ,
755 1928 837 2007 ΔΑ,
860 1927 939 2007 ΕΖ,
964 1928 1048 2008 ΕΒ,
1071 1927 1128 1989 ΖΓ

109 2031 262 2116 πλευρῶν
287 2030 363 2113 δίχα
386 2024 532 2094 κατὰτὰ
556 2032 607 2111 Η,
635 2033 678 2110 Θ,
706 2032 754 2113 Κ,
784 2033 832 2111 Λ,
856 2033 909 2110 Μ,
933 2033 984 2111 Ν,
1010 2029 1054 2114 Ξ,
1075 2027 1125 2095 καὶ

111 2133 361 2219 ἐπεζεύχθωσαν
384 2135 422 2200 αί
442 2138 531 2218 HK,
555 2138 630 2217 ΘΛ,
653 2138 742 2218 ΜΘ,
766 2134 849 2218 ΝΞ,
872 2132 928 2200 καὶ
951 2133 1124 2221 τετμήσθω

110 2239 229 2324 ἑκάστη
257 2243 325 2307 τῶν
352 2245 437 2325 ΝΟ,
472 2239 547 2324 ΟΞ,
576 2245 645 2306 ΘΠ
671 2235 776 2325 άιιρον
803 2237 859 2305 καὶ
887 2238 992 2325 μέσον
1027 2240 1125 2326 λόγον

109 2343 191 2412 κατὰ
220 2343 260 2411 τὰ
290 2351 330 2430 Ρ,
359 2353 405 2430 Σ,
440 2352 470 2411 Τ
492 2357 626 2432 σημεῖα,
658 2345 713 2413 καὶ
741 2349 824 2413 ἔστω
852 2342 967 2413 αὐτῶν
996 2351 1126 2432 μείζονα

57 2473 90 2521 20
109 2450 261 2539 τμήματα
279 2447 319 2517 τά
338 2456 414 2536 ΡΟ,
435 2457 516 2536 ΟΣ,
543 2458 623 2536 ΤΠ,
646 2451 702 2518 καὶ
720 2449 957 2520 ἀνεστάτωσαν
976 2448 1046 2521 άπὸ
1064 2456 1125 2521 τῶν

110 2564 146 2643 Ρ,
166 2565 213 2642 Σ,
236 2564 267 2623 Τ
281 2561 427 2644 σημείων
444 2552 515 2635 τοῖς
532 2559 593 2625 τού
611 2555 719 2642 κύβου
738 2557 906 2636 ἐπιπέδοις
919 2555 1007 2644 πρὸς
1023 2555 1123 2646 ὀρθάς

110 2664 163 2731 ἐπὶ
185 2661 225 2731 τὰ
249 2661 342 2743 ἐκτὸς
364 2664 447 2751 μέρη
470 2667 532 2732 τοῦ
555 2662 663 2749 κύβου
686 2665 723 2730 αί
744 2670 821 2750 PY,
849 2669 936 2748 ΣΦ,
968 2671 1049 2752 ΤΧ,
1075 2663 1123 2732 καὶ

109 2775 301 2837 κείσθωσαν
321 2777 391 2837 ίσαι
409 2781 480 2848 ταῖς
499 2774 575 2855 ΡΟ,
596 2775 676 2855 ΟΣ,
699 2776 781 2855 ΤΠ,
799 2769 855 2835 καὶ
875 2768 1123 2857 ἐπεζεύχθωσαν

111 2880 148 2942 αι’
172 2882 247 2960 ΡΒ,
271 2882 349 2961 ΒΧ,
374 2881 447 2960 ΧΓ,
471 2881 552 2960 ΓΦ,
579 2880 653 2942 ΦΥ.
694 2874 795 2959 λέγω,
820 2873 933 2942 ὅτιτὸ
961 2882 1123 2946 ΥΒΧΓΦ

57 3002 90 3051 25
110 2980 325 3067 πεντάγωνον
349 2979 550 3068 ίσόπλευρόν
572 3005 607 3047 τε
629 2980 685 3047 καὶ
709 2982 746 3048 έν
769 2980 822 3048 ἑνὶ
841 2980 986 3071 ἐπιπέδῳ
1007 2984 1064 3051 καὶ
1083 2987 1123 3050 ἔτι

183 3181 207 3230 1
225 3171 361 3262 πόρισμα]
380 3191 434 3230 om.
453 3176 504 3243 bq.
595 3180 620 3229 3.
644 3170 769 3230 ε’στίνΒ.
861 3178 885 3229 5.
904 3174 1047 3301 τοῦὲοιιι.
1066 3174 1123 3234 BV.

182 3253 206 3301 5
230 3247 284 3300 τῶν
269 3242 361 3300 νδύο
380 3245 414 3300 V
523 3251 547 3299 7
571 3239 640 3331 ὅπερ
666 3243 727 3299 ἔδει
749 3245 854 3316 δεῖξαι]
883 3261 929 3298 om
987 3245 1022 3302 V.

111 3323 135 3372 8.
165 3314 215 3388 ιζ’]
244 3335 298 3372 om.
327 3335 354 3385 q.
463 3322 487 3370 9
512 3312 779 3385 συνστήσασθαιΡ,
808 3333 878 3371 corr
902 3334 938 3371 m
962 3333 1020 3372 rec.

112 3395 153 3444 10.
173 3386 377 3515 προειρημένα]
396 3383 585 3456 πρότερονης
604 3405 660 3456 mg
675 3404 712 3440 m.
728 3392 755 3440 1.
774 3406 816 3455 γρ.
831 3383 866 3441 τά
885 3384 1075 3457 πρότερονὶ).

104 3467 146 3516 13
168 3459 273 3535 κυβον]
292 3454 362 3516 κύκλ
364 3478 399 3516 ου
419 3475 511 3531 comp.
528 3458 557 3515 b.
628 3458 717 3512 16*
692 3478 716 3517 τι
734 3464 835 3527 σημεῖα
853 3458 886 3512 V.
962 3465 1005 3516 1⁷.
1025 3478 1120 3532 τετμη
