2340 3818
451 145 727 223 stuparuoauu
744 146 854 196 amaa
871 146 933 199 mu
1134 157 1169 206 ι.

158 287 416 353 verumetiam
440 288 547 354 minus
571 292 632 371 est;
661 288 748 373 quod
771 287 842 353 fieri
865 310 933 352 non
954 292 1073 371 potest.
1119 311 1154 354 er

151 396 246 456 11011
272 397 322 460 est
343 397 381 459 ut
403 397 506 459 ΑΒΓ
516 417 524 458 :
539 399 655 477 AEZ,
677 394 725 458 ita
749 394 893 478 pyramis
912 397 1057 459 ΑΒΓΗ
1075 395 1115 459 ad
1146 425 1163 453 a

150 500 239 560 nus
272 500 401 585 aliquod
424 499 593 586 pyramide
618 503 755 563 ΔΕΖΘ
778 499 927 564 solidum.
974 500 1124 564 similiter
1147 500 1166 563 d

526 606 796 690 monstrabimus,
828 627 869 669 ne
902 610 1037 672 ΔΕΖΘ
1069 606 1165 689 quide

526 713 729 797 pyramidem
752 713 793 777 ad
818 714 923 778 minus
948 713 1080 798 aliquod
1103 734 1167 796 pyr

527 818 612 884 mide
631 823 774 885 ΑΒΓΗ
789 819 930 886 solidum
949 841 1022 885 eam
1039 818 1166 883 ratione

526 924 647 990 habere
671 948 769 1011 quam
794 930 895 990 AEZ
911 949 918 990 :
932 930 1039 992 ΔΒΓ.

249 1029 322 1094 Iam
345 1030 431 1114 dieo,
457 1052 498 1094 ne
527 1031 568 1096 ad
595 1032 702 1097 maius
725 1032 856 1117 quidem
879 1032 1010 1117 aliquod
1033 1031 1170 1116 pyrami

149 1121 194 1174 Δ
204 1131 320 1201 ΕΖΘ
339 1136 478 1202 aufidum
498 1138 701 1222 pyramidem
715 1142 859 1203 ΑΒΓΗ
873 1160 944 1203 eam
963 1138 1123 1203 rationem
1143 1137 1165 1202 h

146 1205 259 1309 bere
282 1264 382 1328 quam
405 1245 526 1308 Aur:
541 1248 651 1308 aaz.

247 1349 337 1415 Nam
365 1347 394 1413 si
420 1349 491 1414 fieri
514 1353 635 1434 potest,
663 1350 785 1415 habeat
812 1351 852 1416 ad
880 1352 985 1416 maius
1010 1351 1139 1435 aliquod

151 1442 179 1489 θ
220 1455 392 1522 eontrario
416 1454 518 1539 igitur
544 1455 597 1539 [V‚
621 1457 639 1521 l
665 1458 790 1538 coroll]

432 1565 957 1629 AEZzABP==X:ABFH.

161 1661 298 1735 llarum
322 1670 362 1732 ut
384 1672 437 1732 X:
452 1671 604 1753 ΑΒΓΗ,
630 1669 679 1734 ita
702 1674 837 1736 ΔΕΖΘ
860 1670 1008 1756 pyramis
1033 1670 1071 1733 ad
1096 1670 1163 1733 min

160 1767 312 1861 aliquid
334 1774 502 1858 pyramide
521 1778 672 1859 ΑΒΓΗ,
696 1780 733 1841 ut
756 1799 855 1861 supra
876 1776 1131 1840 demonstratum
1152 1796 1169 1838 e

154 1860 290 1966 [prop.
314 1879 349 1944 11
372 1880 517 1962 remma}
567 1903 665 1965 quare
696 1883 795 1947 etiam
819 1886 857 1947 ut
880 1885 981 1947 aaz
996 1902 1003 1943 :
1018 1882 1128 1962 ΑΒΓ,
1155 1880 1167 1942 i

147 1987 330 2075 pyramis
355 1990 488 2051 ΔΕΖΘ
516 1986 557 2051 ad
579 1989 687 2052 minus
716 1988 839 2071 aliquid
862 1986 1029 2071 pyramide
1052 1988 1155 2049 ΑΒΓ

147 2095 268 2178 quod
300 2092 477 2159 absurdum
504 2114 575 2158 esse
604 2094 906 2159 demonstrauimus.
957 2093 1066 2176 itaque
1093 2113 1133 2156 ne
1168 2121 1170 2148 ι

148 2203 292 2271 maius
318 2199 448 2284 quidem
471 2198 602 2284 aliquod
626 2199 795 2284 pyramide
819 2204 953 2264 ΔΕΖΘ
981 2198 1119 2264 solidum
1143 2221 1164 2282 p

145 2308 286 2378 tamis
301 2309 447 2370 ΑΒΓΗ
461 2328 533 2371 eam
551 2307 712 2398 rationem
727 2307 828 2372 habet
842 2329 939 2392 quam
953 2309 1073 2370 ABF:
1088 2309 1158 2370 ΔΕ

149 2410 483 2482 demonstrauimus
516 2416 638 2495 autem,
675 2434 746 2478 eam
778 2434 818 2477 ne
856 2412 896 2477 ad
933 2412 1040 2477 minus
1074 2411 1169 2496 quide

148 2510 271 2589 hano
294 2512 417 2584 habere
439 2519 609 2584 rationem.
646 2520 709 2583 erit
731 2519 832 2605 igitur

376 2628 1015 2709 ABP2AEZ=ABFtl=AEZo3

163 2732 275 2820 quod
301 2735 371 2796 erat
394 2730 689 2797 demonstrandum.

671 2924 727 2990 VI.

253 3049 444 3134 Pyramides
464 3049 523 3114 sub
544 3049 656 3114 eadem
675 3048 846 3114 altitudine
866 3051 899 3111 et
913 3048 1095 3132 polygonas
1111 3047 1168 3110 bas

175 3154 348 3222 habentes
379 3176 451 3220 eam
478 3156 564 3220 inter
592 3176 625 3219 se
648 3155 808 3220 rationem
835 3155 958 3220 habent
944 3159 1077 3238 tquam
1099 3153 1159 3216 bas

191 3336 234 3386 1‘1.
251 3330 413 3401 πυραμίδος
431 3326 595 3399 areosdvq3
619 3325 733 3398 στερεόν
717 3330 815 3384 vadd.
834 3346 870 3383 m.
891 3329 959 3384 Π
1050 3314 1093 3381 2'1.
1113 3323 1149 3414 dqi

192 3418 353 3470 suprascr.
376 3402 498 3457 m.1P.
616 3406 659 3459 25.
682 3401 839 3470 araualdus
867 3391 950 3454 οὖσαι
940 3398 999 3452 ι.Β
1109 3388 1143 3452 od
