2340 3818
328 151 627 202 scansuroaun
645 152 753 202 amun
769 153 830 203 rm.
1032 149 1096 215 207

83 291 218 357 dimidio
242 292 315 357 coni
339 293 561 378 [p.192‚12].
607 293 673 358 iam
696 315 789 359 arcus
813 298 889 379 EZ,
912 299 992 379 ZH,
1014 299 1097 379 ΗΘ,

81 402 148 463 ΘΕ
168 399 203 462 in
224 399 354 482 punctis
380 404 421 485 0,
449 405 496 480 Π,
524 405 564 483 Ρ,
591 405 626 464 Σ
645 401 681 465 in
707 400 787 465 duas
810 404 923 484 partes
947 404 1096 485 aequales

81 508 241 589 secentur,
266 509 300 570 et
322 505 480 572 ducantur
503 511 581 590 EO,
607 511 681 591 ΟΖ,
705 512 787 590 ΖΠ,
810 511 897 591 ΠΗ,
920 510 1001 590 ΗΡ,
1025 512 1097 593 ΡΘ,

80 613 159 694 ΘΣ,
197 615 272 676 ΣΕ.
330 612 441 697 itaque
483 613 582 677 etiam
624 614 744 698 'singuli
788 614 946 698 trianguli
988 617 1014 678 Ε
1021 618 1097 699 ΟΖ,

79 719 192 800 ΖΠΗ,
215 720 319 803 ΗΡΘ,
341 722 436 782 ΘΣΕ
451 718 589 784 maiores
608 723 686 782 sunt
703 719 837 784 dimidio
857 723 1097 804 segmentorum

80 822 194 888 circuli
217 828 353 888 ΕΖΗΘ
376 824 417 889 ad
440 845 495 889 eos
523 825 755 907 pertinentium
784 825 925 910 [p.·1la‚
947 826 1015 907 22].
1065 830 1098 890 et

79 929 115 992 in
152 929 290 1013 singulis
326 930 499 1015 triangulis
537 933 648 1013 EOZ,
689 935 809 1015 ΖΠΗ,
845 935 960 1016 ΗΡΘ,
997 936 1099 997 ΘΣΕ

79 1035 225 1118 pyramis
253 1039 459 1100 construatur
489 1035 625 1100 eundem
653 1038 807 1101 uerticem
834 1037 972 1122 habens,
1001 1061 1096 1123 quem

80 1161 192 1205 conus.
236 1139 345 1225 itaque
376 1142 476 1206 etiam
504 1142 651 1226 singulae
679 1143 866 1225 pyramides
890 1148 1096 1210 constructae

79 1247 219 1311 maiores
244 1250 320 1311 sunt
342 1247 476 1312 dimidio
500 1251 742 1332 segmentorum
767 1248 839 1312 coni
862 1249 902 1314 ad
922 1272 977 1314 eas
995 1251 1095 1333 perti·

78 1353 226 1418 nentium
252 1355 296 1437 [p.
322 1352 393 1431 194,
419 1353 483 1433 11].
532 1351 599 1417 iam
622 1353 650 1416 si
673 1376 765 1419 arcus
788 1354 930 1438 reliquos
957 1356 1095 1422 induas

37 1498 40 1503 ·
77 1463 190 1543 partes
215 1459 366 1543 aequales
391 1459 586 1523 senuerimus
610 1465 643 1523 et
665 1443 770 1524 reat-as
795 1457 979 1526 duxerimus
1004 1462 1094 1527 etin

79 1564 217 1651 singulis
241 1564 414 1650 triangulis
441 1566 628 1649 pyramides
656 1567 931 1632 construxerimus
956 1567 1094 1633 eundem

82 1671 233 1736 uerticem
262 1672 434 1754 habentes,
463 1692 558 1754 quem
582 1693 695 1756 conus,
723 1675 756 1736 et
777 1672 840 1737 hoc
864 1694 990 1756 semper
1012 1673 1094 1738 feee-

77 1775 189 1862 rimus,
211 1777 318 1842 frusta
340 1776 499 1861 quaedam
521 1778 595 1843 coni
613 1778 844 1861 relinquemus,
866 1799 948 1861 quae
968 1779 1093 1843 minora

77 1886 175 1948 erunt
198 1904 339 1967 excessu,
363 1905 426 1967 quo
446 1905 544 1948 conus
563 1887 745 1948 ΕΖΗΘΝ
759 1883 944 1957 solidum¹⁸
960 1885 1094 1950 excedit.

74 1989 302 2073 relinquantur
325 1994 359 2054 et
382 1988 448 2052 sint
470 2011 517 2071 ea,
542 2010 624 2072 quae
647 1989 683 2052 in
704 1992 783 2072 ΕΟ,
808 1992 883 2074 ΟΖ,
906 1991 987 2072 ΖΠ,
1009 1993 1093 2073 ΠΗ,

74 2099 159 2178 ΗΡ,
189 2100 259 2179 ΡΘ,
288 2099 366 2174 ΘΣ,
394 2098 464 2158 ΣΕ
490 2094 597 2178 posita
624 2098 710 2158 sunt.
755 2095 865 2178 itaque
893 2115 973 2178 quae
996 2094 1092 2159 relin-

75 2201 187 2286 quitur
209 2201 363 2286 pyramis,
390 2199 480 2265 cuius
508 2201 597 2265 basis
625 2204 674 2265 est
696 2202 980 2264 ΕΟΖΠΗΡΘΣ
999 2201 1093 2285 poly-

73 2327 208 2392 gonum,
230 2309 341 2371 uertex
364 2309 474 2371 autem
496 2309 652 2390 punctum
670 2310 719 2391 Ν,
742 2306 846 2371 maior
866 2310 916 2370 est
935 2306 1036 2371 solido
1055 2305 1091 2380 Ξ.

73 2413 141 2476 iam
161 2413 260 2477 etiem
278 2412 314 2476 in
332 2412 486 2477 circulum
504 2415 639 2477 ΑΒΓΔ
657 2413 825 2497 polygono
844 2414 1095 2476 ΕΟΖΠΗΡΘΣ

75 2518 183 2583 simile
207 2521 240 2583 et
263 2517 412 2582 similiter
435 2519 578 2601 positum
601 2518 799 2604 polygonum
816 2519 1096 2582 ΑΤΒΥΓΦΔΧ

73 2624 272 2689 inscribatur
296 2623 372 2708 pu,
396 2625 467 2707 18],
495 2627 529 2688 et
554 2625 591 2688 rn
618 2602 782 2707 polygoio
806 2624 1096 2688 ΑΤΒΥΓΦΔΧ

74 2730 222 2815 pyramis
250 2733 458 2795 construatur
486 2729 622 2794 eundem
651 2730 806 2794 uerticem
829 2727 967 2813 habens,
995 2750 1090 2812 quem
1135 2775 1138 2781 ·

74 2858 185 2920 conus,
209 2839 242 2900 et
265 2858 305 2900 ex
324 2836 497 2921 triangulis
515 2834 861 2919 comprehendentibus
879 2835 1091 2920 pyramidem,

74 2944 165 3008 cuius
202 2943 291 3006 basis
329 2946 379 3007 est
414 2943 614 3027 polygonum
649 2942 941 3025 ΑΤΒΥΓΦΔΧ,
978 2944 1091 3005 uertex

76 3052 183 3114 autem
207 3052 238 3113 Λ
261 3051 432 3134 punctum,
454 3071 536 3114 unus
560 3048 604 3113 sit
627 3051 692 3112 AB
702 3051 740 3130 Τ,
763 3046 865 3112 exiis
890 3051 1012 3130 autem,
1035 3048 1091 3130 qui

74 3154 276 3238 pyramidem
295 3155 579 3240 comprehendunt,
602 3154 693 3219 auius
712 3153 800 3218 basis
820 3155 870 3218 est
890 3153 1090 3238 polygonum

72 3346 139 3417 ζων]
159 3346 189 3400 in
209 3363 262 3402 rus.
281 3346 312 3401 B.
387 3352 428 3402 10.
448 3342 543 3417 μέρος]
563 3363 616 3400 om.
635 3343 670 3398 V.
758 3351 799 3400 17.
820 3339 951 3412 εἰλήφθω
971 3361 998 3413 q.

72 3417 204 3504 18.,Θξ]
222 3433 279 3501 pm.
299 3435 326 3486 q.
399 3422 440 3473 20.
461 3419 556 3487 μεῖζον
576 3434 602 3485 q.
674 3423 717 3471 23.
738 3409 788 3470 tul
799 3445 832 3455 —
847 3420 890 3469 24.
908 3409 1087 3535 ξολυγῶνοῼ

71 3507 113 3541 απ
146 3506 235 3542 casco
255 3488 352 3564 Theon
367 3488 476 3558 (BVq).
558 3492 601 3545 27.
616 3491 698 3542 ΛΤΒ
718 3486 749 3541 Ρ.
834 3491 882 3540 tt.
897 3485 972 3554 mul
983 3501 1045 3538 om.
1088 3520 1099 3537 .
