2340 3818
116 135 179 200 178
479 140 680 193 mmmm
698 134 749 207 ιμ’.

180 275 491 366 Συμπεπληρώσθω
513 277 579 366 γὰρ
601 277 641 346 τὰ
662 284 828 365 ΒΗΜΛ,
850 284 989 347 ΕΘΠΟ
1011 296 1117 364 στερεα

112 388 431 469 παραλληλεπίπεδα.
485 385 540 452 παλ
573 384 642 452 ἐπεὶ
674 381 775 471 ὁμοία
805 382 899 453 ἐστὶν
930 380 952 470 ἡ
986 389 1119 451 ΑΒΓΗ

112 490 257 576 πυραμίς
282 493 322 579 τῇ
351 498 487 558 ΔΕΖΘ
513 493 690 577 πυραμίδι,
718 497 775 576 ἴση
802 488 869 579 ἄρα
897 490 989 559 ἐστὶν
1017 488 1037 577 ἡ
1062 489 1114 577 μὲν

111 593 177 664 ὑπὸ
192 602 295 665 ΑΒΓ
308 602 415 682 γωνία
432 600 472 686 τῇ
490 595 556 665 ὑπὸ
577 602 681 665 ΔΕΖ
699 600 817 687 γωνίᾳ,
840 592 862 683 ἡ
880 594 920 665 δὲ
936 593 1004 665 ὑπὸ
1023 601 1118 664 ΗΒΓ

76 704 151 790 τεῇ
178 699 244 770 ὑπὸ
272 710 385 789 ουτ,
413 701 434 791 ἡ
463 703 500 771 οι
528 700 593 771 ὑπὸ
621 709 731 770 ΑΒΗ
753 707 793 793 τῇ
823 700 890 771 ὑπὸ
919 710 1038 787 που,
1067 706 1115 770 αι

111 810 201 875 ἐστιν
225 807 270 886 ὡς
291 806 313 893 ἡ
336 816 398 877 ΛΒ
417 807 501 896 πρὸς
518 807 580 896 τὴν
600 816 683 894 ΔΕ,
707 807 817 889 οὕτως,
835 806 857 896 ἡ
876 814 945 877 ΒΓ
960 807 1046 896 πρὸς
1061 806 1113 894 τὴν

111 921 188 1000 ΕΖ,
215 916 271 980 καὶ
297 912 410 1000 ἡΒΗ
434 915 517 1001 πρὸς
545 912 608 1001 τὴν
631 921 701 982 ΕΟ.
746 914 803 982 παλ
826 915 900 982 ἐπεί
919 915 1012 982 ἐστιν
1034 910 1113 998 (ὅςὴ

110 1027 174 1087 ΑΒ
198 1018 282 1104 πρὸς
303 1017 367 1106 τὴν
392 1027 476 1105 ΛΕ,
505 1018 612 1101 οὕτως
638 1019 659 1107 ἡ
682 1026 751 1089 ΒΓ
768 1019 852 1108 πρὸς
873 1020 937 1107 τὴν
960 1026 1039 1103 ΕΖ,
1065 1017 1111 1085 καί

109 1126 184 1211 περὶ
212 1133 286 1204 ίσας
312 1130 437 1211 γωνίας
460 1129 497 1193 αί
516 1127 656 1212 πλευραὶ
678 1124 851 1213 ἀνάλογόν
872 1130 976 1212 εἰσιν,
1004 1123 1112 1212 ὅμοιον

58 1249 90 1297 10
109 1230 174 1317 ἄρα
202 1231 271 1299 ἐστὶ
297 1229 335 1299 τὸ
360 1239 439 1300 ΒΜ
460 1231 808 1320 παραλληλόγραμμον
835 1236 882 1323 τῷ
906 1239 980 1300 ΕΠ
997 1238 1107 1319 παραλ

108 1334 340 1428 ληλογροέμμῳ.
392 1336 448 1405 διὰ
476 1340 517 1405 τὰ
548 1335 630 1405 αὐτὰ
662 1336 704 1425 δὴ
736 1339 792 1406 καὶ
823 1336 861 1406 τὸ
888 1336 951 1424 μὲν
979 1344 1054 1405 ΒΝ
1074 1339 1110 1428 τῷ

109 1448 173 1508 ΕΡ
199 1439 320 1528 ὅμοιόν
342 1445 425 1528 ἐστι,
455 1441 492 1510 τὸ
517 1442 555 1511 δὲ
580 1450 646 1510 ΒΚ
666 1446 713 1535 τῷ
727 1445 801 1520 ΕΞ·
828 1441 869 1525 τὰ
893 1447 970 1528 τρία
992 1440 1111 1529 ἅρατίι

108 1554 196 1633 ΜΒ,
219 1554 302 1633 ΒΚ,
326 1555 398 1615 ΒΝ
416 1548 504 1634 τρισὶ
522 1561 593 1627 τοῖς
610 1555 694 1633 ΕΠ,
718 1551 796 1632 ΕΞ,
820 1554 885 1616 ΕΡ
900 1546 1001 1635 ὅμοιοί
1022 1551 1114 1617 ἐστιν.

107 1650 189 1720 ἀλλὰ
209 1650 249 1720 τὰ
268 1652 329 1740 μὲν
347 1658 423 1738 τρία
440 1651 481 1720 τὰ
495 1659 584 1737 ΜΒ,
603 1659 688 1736 ΒΚ,
706 1659 779 1720 ΒΝ
791 1653 880 1739 τρισὶ
893 1667 964 1734 τοῖς
978 1651 1115 1722 ἀπεναν-

55 1779 86 1825 ιο
105 1764 179 1827 τίον
203 1768 259 1827 ίσα
280 1784 315 1826 τε
338 1760 393 1826 καὶ
417 1757 517 1845 ὅμοιοί
541 1760 642 1840 ἐστιν,
665 1757 705 1824 τὰ
724 1758 762 1826 δὲ
779 1763 855 1846 τρία
872 1757 913 1826 τὰ
932 1765 1018 1845 ΕΠ,
1043 1761 1118 1845 ΕΞ,

106 1871 170 1932 ΕΡ
188 1866 276 1949 τρισί
298 1877 369 1945 τοῖς
391 1862 593 1958 ἀπεναντίον
617 1872 673 1931 ίσα
694 1889 730 1931 τε
752 1863 807 1931 καλ
826 1861 926 1951 ὅμοιοί
945 1866 1048 1933 ἐστιν.
1080 1864 1117 1933 τὰ

107 1977 268 2055 ΒΗΜΛ,
296 1977 436 2038 ΕΟΠΟ
462 1968 528 2056 ἄρα
556 1968 672 2057 στερεοὶ
698 1967 764 2037 ὑπὸ
796 1967 923 2056 ὁμοίων
951 1972 1120 2040 ἐπιπέδων

105 2084 189 2144 ίσωυ
207 2076 245 2144 τὸ
264 2080 394 2161 πλῆθος
411 2077 603 2162 περιέχεται.
627 2073 746 2162 ὅμοιον
765 2074 831 2160 ἄρα
845 2075 916 2144 ἐστὶ
927 2074 967 2144 τὸ
982 2082 1121 2147 ΒΗΜΛ

104 2181 240 2267 στερεὸν
262 2186 308 2272 τῷ
328 2188 465 2250 ΕΘΠΟ
487 2192 617 2272 στερεῷ.
653 2180 694 2248 τὰ
719 2181 757 2250 δὲ
779 2181 879 2268 ὅμοια
902 2182 1021 2267 στερεὰ
1040 2209 1121 2272 παρ-

51 2306 84 2354 20
104 2291 347 2373 αλληλεπίπεδα
370 2291 407 2355 ἐν
429 2295 639 2371 τριπλασίονι
658 2287 746 2379 λόγῳ
767 2288 835 2355 ἐστὶ
853 2292 921 2357 τῶν
940 2287 1122 2376 ὁμολόγων

103 2396 264 2477 πλευρῶν.
314 2391 352 2459 τὸ
375 2397 523 2460 ΒΗΜΛ
550 2392 616 2480 ἄρα
643 2392 779 2480 στερεὸν
806 2392 889 2480 πρὸς
917 2392 955 2462 τὸ
980 2401 1124 2463 ΕΘΠΟ

103 2497 238 2583 στερεὸν
274 2502 493 2582 τριπλασίονα
529 2496 632 2583 λόγον
668 2501 735 2584 ἔχει
771 2495 854 2586 ἤπερ
892 2499 913 2585 ἡ
952 2496 1125 2588 ὁμόλογος

101 2603 227 2688 πλευρὰ
255 2602 276 2689 ἡ
300 2609 368 2670 ΒΓ-
389 2602 472 2690 πρὸς
498 2601 562 2688 τὴν
588 2602 757 2690 ὁμόλογον
785 2603 934 2692 πλευρὰν
957 2605 1022 2692 τὴν
1048 2616 1124 2678 ΕΖ.

102 2708 148 2788 ὡς
175 2708 212 2776 δὲ
239 2707 276 2775 τὸ
301 2715 448 2777 ΒΗΜΛ
477 2707 612 2792 στερεὸν
639 2706 722 2794 πρὸς
744 2708 782 2777 τὸ
805 2716 943 2776 ΕΘΠΟ
967 2715 1124 2802 στερεόν,

48 2834 81 2881 25
102 2813 208 2893 οὕτως
231 2813 251 2899 ἡ
272 2820 413 2881 ΑΒΓΗ
431 2815 577 2902 πυραμὶς
598 2814 681 2901 πρὸς
699 2814 761 2900 τὴν
781 2823 915 2882 ΛΕΖΟ
933 2825 1123 2906 πυραμίδα,

102 2919 276 3008 ἐπειδήπερ
308 2918 329 3006 ἡ
362 2920 506 3005 πυραμὶς
537 2921 633 2987 ἕκτον
662 2921 762 3006 μέρος
790 2920 859 2989 ἐστὶ
886 2925 947 2989 τοῦ
977 2931 1122 3014 στερεοῦ

100 3026 157 3094 διὰ
185 3025 223 3093 τὸ
249 3026 304 3093 καὶ
331 3024 369 3094 τὸ
397 3030 523 3112 πρίσμα
550 3026 654 3113 ἥμισυ
682 3022 723 3093 ὂν
745 3031 806 3094 τοῦ
830 3032 966 3113 στερεοῦ
989 3040 1121 3119 παραλ-

100 3134 321 3218 ληλεπιπέδου
348 3131 545 3220 τριπλάσιον
573 3130 659 3201 εἶναι
687 3135 745 3218 τῆς
771 3137 966 3220 πυραμίδος.
1013 3136 1120 3224 καὶὴ

169 3386 193 3433 2.
213 3374 244 3450 ἡ]
264 3380 307 3434 bis
325 3380 357 3448 Ρ,
376 3398 445 3437 corr.
465 3399 501 3435 m.
523 3386 546 3434 1.
611 3386 635 3435 ὁ.
657 3380 751 3450 ΘΕΖ]
771 3396 787 3434 ο
805 3397 876 3438 nort.
894 3380 927 3435 V.
992 3386 1018 3439 9.
1040 3378 1121 3440 ἔστιν

97 3469 124 3520 q.
203 3455 244 3504 10.
264 3448 565 3523 παραλληλόγραμμον]
585 3451 683 3520 (prius)
702 3467 755 3506 om.
775 3450 808 3507 V.
883 3458 925 3508 1³.
945 3446 1005 3508 ἐστι
1025 3453 1062 3510 V.
