<?xml version="1.0" encoding="UTF-8"?>
<!DOCTYPE html PUBLIC "-//W3C//DTD XHTML 1.0 Transitional//EN"
    "http://www.w3.org/TR/xhtml1/DTD/xhtml1-transitional.dtd">
<html xmlns="http://www.w3.org/1999/xhtml" xml:lang="en" lang="en">
 <head>
  <title>
</title>
<meta http-equiv="Content-Type" content="text/html;charset=utf-8" />
  <meta name='ocr-system' content='tesseract 3.04.00' />
  <meta name='ocr-capabilities' content='ocr_page ocr_carea ocr_par ocr_line ocrx_word'/>
</head>
<body>
  <div class='ocr_page' id='page_1' title='image "./euclidisoperaom04unkngoog_0233.png"; bbox 0 0 2340 3818; ppageno 0'>
   <div class='ocr_carea' id='block_1_1' title="bbox 110 157 755 236">
    <p class='ocr_par' dir='ltr' id='par_1_1' title="bbox 110 157 755 236">
     <span class='ocr_line' id='line_1_1' title="bbox 110 157 755 236; baseline -0.002 -21"><span class='ocrx_word' id='word_1_1' title='bbox 110 164 176 230; x_wconf 76' lang='lat'><strong><em>210</em></strong></span> <span class='ocrx_word' id='word_1_2' title='bbox 482 164 685 217; x_wconf 73' lang='grc' dir='ltr'><strong><em>Σεοωωιικν</em></strong></span> <span class='ocrx_word' id='word_1_3' title='bbox 703 157 755 236; x_wconf 69' lang='grc' dir='ltr'><strong><em>ιμ’.</em></strong></span> 
     </span>
    </p>
   </div>
   <div class='ocr_carea' id='block_1_2' title="bbox 50 302 1127 3266">
    <p class='ocr_par' dir='ltr' id='par_1_2' title="bbox 50 302 1127 3266">
     <span class='ocr_line' id='line_1_2' title="bbox 110 302 1126 394; baseline -0.003 -18"><span class='ocrx_word' id='word_1_4' title='bbox 110 308 201 376; x_wconf 79' lang='grc' dir='ltr'><strong><em>ἐστὶν</em></strong></span> <span class='ocrx_word' id='word_1_5' title='bbox 229 305 275 387; x_wconf 83' lang='grc' dir='ltr'><strong><em>ώς</em></strong></span> <span class='ocrx_word' id='word_1_6' title='bbox 301 305 322 393; x_wconf 82' lang='grc' dir='ltr'><em>ἡ</em></span> <span class='ocrx_word' id='word_1_7' title='bbox 351 315 417 375; x_wconf 92' lang='grc' dir='ltr'><strong><em>ΚΒ</em></strong></span> <span class='ocrx_word' id='word_1_8' title='bbox 445 305 529 394; x_wconf 88' lang='grc' dir='ltr'><strong><em>πρὸς</em></strong></span> <span class='ocrx_word' id='word_1_9' title='bbox 556 304 618 392; x_wconf 83' lang='grc' dir='ltr'><strong><em>τὴν</em></strong></span> <span class='ocrx_word' id='word_1_10' title='bbox 647 313 725 391; x_wconf 98' lang='grc' dir='ltr'><strong><em>ΒΤ,</em></strong></span> <span class='ocrx_word' id='word_1_11' title='bbox 758 304 865 386; x_wconf 75' lang='grc' dir='ltr'><strong><em>οὕτως</em></strong></span> <span class='ocrx_word' id='word_1_12' title='bbox 891 302 913 391; x_wconf 83' lang='grc' dir='ltr'><em>ἡ</em></span> <span class='ocrx_word' id='word_1_13' title='bbox 941 310 1017 372; x_wconf 93' lang='grc' dir='ltr'><strong><em>ΜΖ</em></strong></span> <span class='ocrx_word' id='word_1_14' title='bbox 1043 306 1126 393; x_wconf 87' lang='grc' dir='ltr'><strong><em>πρὸς</em></strong></span> 
     </span>
     <span class='ocr_line' id='line_1_3' title="bbox 108 410 1127 501; baseline 0 -21"><span class='ocrx_word' id='word_1_15' title='bbox 108 413 171 500; x_wconf 82' lang='grc' dir='ltr'><strong><em>τὴν</em></strong></span> <span class='ocrx_word' id='word_1_16' title='bbox 191 420 271 499; x_wconf 92' lang='grc' dir='ltr'><strong><em>ΖΟ,</em></strong></span> <span class='ocrx_word' id='word_1_17' title='bbox 295 412 340 481; x_wconf 85' lang='grc' dir='ltr'><strong><em>δι’</em></strong></span> <span class='ocrx_word' id='word_1_18' title='bbox 363 420 441 482; x_wconf 87' lang='grc' dir='ltr'><strong><em>ίσου</em></strong></span> <span class='ocrx_word' id='word_1_19' title='bbox 460 412 525 500; x_wconf 86' lang='grc' dir='ltr'><strong><em>άρα</em></strong></span> <span class='ocrx_word' id='word_1_20' title='bbox 545 411 590 492; x_wconf 80' lang='grc' dir='ltr'><strong><em>ὡς</em></strong></span> <span class='ocrx_word' id='word_1_21' title='bbox 607 410 628 497; x_wconf 80' lang='grc' dir='ltr'>ἡ</span> <span class='ocrx_word' id='word_1_22' title='bbox 648 418 713 479; x_wconf 96' lang='grc' dir='ltr'><strong><em>ΛΒ</em></strong></span> <span class='ocrx_word' id='word_1_23' title='bbox 731 410 816 501; x_wconf 84' lang='grc' dir='ltr'><strong><em>πρὸς</em></strong></span> <span class='ocrx_word' id='word_1_24' title='bbox 833 412 896 498; x_wconf 80' lang='grc' dir='ltr'><strong><em>τὴν</em></strong></span> <span class='ocrx_word' id='word_1_25' title='bbox 914 419 997 498; x_wconf 88' lang='lat' dir='ltr'><strong><em>BT,</em></strong></span> <span class='ocrx_word' id='word_1_26' title='bbox 1022 410 1127 491; x_wconf 85' lang='grc' dir='ltr'><strong><em>οὕτως</em></strong></span> 
     </span>
     <span class='ocr_line' id='line_1_4' title="bbox 108 516 1123 609; baseline -0.001 -22"><span class='ocrx_word' id='word_1_27' title='bbox 108 518 129 606; x_wconf 81' lang='grc' dir='ltr'><em>ἡ</em></span> <span class='ocrx_word' id='word_1_28' title='bbox 153 527 221 587; x_wconf 90' lang='grc' dir='ltr'><strong><em>ΝΖ</em></strong></span> <span class='ocrx_word' id='word_1_29' title='bbox 244 519 328 609; x_wconf 86' lang='grc' dir='ltr'><strong><em>πρὸς</em></strong></span> <span class='ocrx_word' id='word_1_30' title='bbox 349 518 412 605; x_wconf 81' lang='grc' dir='ltr'><strong><em>τὴν</em></strong></span> <span class='ocrx_word' id='word_1_31' title='bbox 427 527 496 587; x_wconf 90' lang='grc' dir='ltr'><strong><em>ΖΟ.</em></strong></span> <span class='ocrx_word' id='word_1_32' title='bbox 543 520 661 604; x_wconf 90' lang='grc' dir='ltr'><strong><em>πάλιν,</em></strong></span> <span class='ocrx_word' id='word_1_33' title='bbox 685 520 755 587; x_wconf 77' lang='grc' dir='ltr'><strong><em>ἐπεὶ</em></strong></span> <span class='ocrx_word' id='word_1_34' title='bbox 779 518 835 586; x_wconf 83' lang='grc' dir='ltr'><strong><em>διὰ</em></strong></span> <span class='ocrx_word' id='word_1_35' title='bbox 858 518 921 605; x_wconf 82' lang='grc' dir='ltr'><strong><em>τὴν</em></strong></span> <span class='ocrx_word' id='word_1_36' title='bbox 944 516 1123 605; x_wconf 82' lang='grc' dir='ltr'><strong><em>ομοιότητα</em></strong></span> 
     </span>
     <span class='ocr_line' id='line_1_5' title="bbox 107 623 1124 714; baseline -0.002 -20"><span class='ocrx_word' id='word_1_37' title='bbox 107 630 176 694; x_wconf 83' lang='grc' dir='ltr'><strong><em>τών</em></strong></span> <span class='ocrx_word' id='word_1_38' title='bbox 204 632 322 712; x_wconf 85' lang='grc' dir='ltr'><em>ΛΤΚ,</em></span> <span class='ocrx_word' id='word_1_39' title='bbox 354 632 475 693; x_wconf 91' lang='grc' dir='ltr'><strong><em>ΝΟΜ</em></strong></span> <span class='ocrx_word' id='word_1_40' title='bbox 496 629 671 714; x_wconf 79' lang='grc' dir='ltr'><em>τριγώνων</em></span> <span class='ocrx_word' id='word_1_41' title='bbox 699 625 790 693; x_wconf 78' lang='grc' dir='ltr'><strong><em>ἐστὶν</em></strong></span> <span class='ocrx_word' id='word_1_42' title='bbox 822 623 867 705; x_wconf 85' lang='grc' dir='ltr'><strong><em>ώς</em></strong></span> <span class='ocrx_word' id='word_1_43' title='bbox 898 623 920 712; x_wconf 81' lang='grc' dir='ltr'><em>ἡ</em></span> <span class='ocrx_word' id='word_1_44' title='bbox 950 632 1022 693; x_wconf 93' lang='grc' dir='ltr'><strong><em>ΛΤ</em></strong></span> <span class='ocrx_word' id='word_1_45' title='bbox 1046 624 1124 713; x_wconf 81' lang='grc' dir='ltr'><strong><em>πρὸς</em></strong></span> 
     </span>
     <span class='ocr_line' id='line_1_6' title="bbox 73 729 1124 819; baseline -0.003 -19"><span class='ocrx_word' id='word_1_46' title='bbox 73 732 170 819; x_wconf 78' lang='grc' dir='ltr'><strong><em>οτὴν</em></strong></span> <span class='ocrx_word' id='word_1_47' title='bbox 202 739 280 819; x_wconf 88' lang='grc' dir='ltr'><strong><em>ΤΚ,</em></strong></span> <span class='ocrx_word' id='word_1_48' title='bbox 309 730 416 812; x_wconf 77' lang='grc' dir='ltr'><strong><em>οὕτως</em></strong></span> <span class='ocrx_word' id='word_1_49' title='bbox 443 729 463 817; x_wconf 80' lang='grc' dir='ltr'><em>ἡ</em></span> <span class='ocrx_word' id='word_1_50' title='bbox 492 739 562 799; x_wconf 92' lang='grc' dir='ltr'><strong><em>ΝΟ</em></strong></span> <span class='ocrx_word' id='word_1_51' title='bbox 588 729 673 817; x_wconf 89' lang='grc' dir='ltr'><strong><em>πρὸς</em></strong></span> <span class='ocrx_word' id='word_1_52' title='bbox 698 730 761 818; x_wconf 79' lang='grc' dir='ltr'><strong><em>τὴν</em></strong></span> <span class='ocrx_word' id='word_1_53' title='bbox 790 738 878 817; x_wconf 89' lang='lat' dir='ltr'><strong><em>OM,</em></strong></span> <span class='ocrx_word' id='word_1_54' title='bbox 912 729 970 798; x_wconf 88' lang='grc' dir='ltr'><strong><em>διδι</em></strong></span> <span class='ocrx_word' id='word_1_55' title='bbox 999 730 1039 798; x_wconf 71' lang='grc' dir='ltr'><strong><em>δὲ</em></strong></span> <span class='ocrx_word' id='word_1_56' title='bbox 1065 734 1124 818; x_wconf 81' lang='grc' dir='ltr'><strong><em>τὴν</em></strong></span> 
     </span>
     <span class='ocr_line' id='line_1_7' title="bbox 108 834 1123 927; baseline -0.002 -20"><span class='ocrx_word' id='word_1_57' title='bbox 108 838 289 926; x_wconf 82' lang='grc' dir='ltr'><strong><em>ὁμοιότητα</em></strong></span> <span class='ocrx_word' id='word_1_58' title='bbox 319 843 388 906; x_wconf 86' lang='grc' dir='ltr'><strong><em>τών</em></strong></span> <span class='ocrx_word' id='word_1_59' title='bbox 420 845 533 924; x_wconf 87' lang='grc' dir='ltr'><em>ΤΚΒ,</em></span> <span class='ocrx_word' id='word_1_60' title='bbox 568 845 673 906; x_wconf 87' lang='grc' dir='ltr'><strong><em>ΟΜΖ</em></strong></span> <span class='ocrx_word' id='word_1_61' title='bbox 704 837 880 927; x_wconf 75' lang='grc' dir='ltr'><strong><em>τριγώνων</em></strong></span> <span class='ocrx_word' id='word_1_62' title='bbox 911 837 1004 905; x_wconf 79' lang='grc' dir='ltr'><strong><em>ἐστὶν</em></strong></span> <span class='ocrx_word' id='word_1_63' title='bbox 1034 834 1123 923; x_wconf 80' lang='grc' dir='ltr'><strong><em>ὡςη</em></strong></span> 
     </span>
     <span class='ocr_line' id='line_1_8' title="bbox 107 941 1122 1034; baseline -0.004 -20"><span class='ocrx_word' id='word_1_64' title='bbox 107 953 179 1013; x_wconf 88' lang='grc' dir='ltr'><strong><em>ΚΤ</em></strong></span> <span class='ocrx_word' id='word_1_65' title='bbox 197 945 281 1034; x_wconf 85' lang='grc' dir='ltr'><strong><em>πρὸς</em></strong></span> <span class='ocrx_word' id='word_1_66' title='bbox 302 943 364 1031; x_wconf 80' lang='grc' dir='ltr'><strong><em>τὴν</em></strong></span> <span class='ocrx_word' id='word_1_67' title='bbox 391 952 467 1031; x_wconf 94' lang='grc' dir='ltr'><strong><em>ΤΒ,</em></strong></span> <span class='ocrx_word' id='word_1_68' title='bbox 496 946 603 1025; x_wconf 85' lang='grc' dir='ltr'><strong><em>οὕτως</em></strong></span> <span class='ocrx_word' id='word_1_69' title='bbox 631 942 652 1031; x_wconf 81' lang='grc' dir='ltr'><em>ἡ</em></span> <span class='ocrx_word' id='word_1_70' title='bbox 676 952 751 1013; x_wconf 94' lang='grc' dir='ltr'><strong><em>ΜΟ</em></strong></span> <span class='ocrx_word' id='word_1_71' title='bbox 773 943 857 1033; x_wconf 90' lang='grc' dir='ltr'><strong><em>πρὸς</em></strong></span> <span class='ocrx_word' id='word_1_72' title='bbox 882 941 945 1031; x_wconf 82' lang='grc' dir='ltr'><strong><em>τὴν</em></strong></span> <span class='ocrx_word' id='word_1_73' title='bbox 970 950 1050 1029; x_wconf 88' lang='grc' dir='ltr'><strong><em>ΟΖ,</em></strong></span> <span class='ocrx_word' id='word_1_74' title='bbox 1079 941 1122 1012; x_wconf 87' lang='grc' dir='ltr'><strong><em>δι’</em></strong></span> 
     </span>
     <span class='ocr_line' id='line_1_9' title="bbox 108 1048 1124 1139; baseline -0.001 -20"><span class='ocrx_word' id='word_1_75' title='bbox 108 1060 184 1119; x_wconf 89' lang='grc' dir='ltr'><strong><em>ίσου</em></strong></span> <span class='ocrx_word' id='word_1_76' title='bbox 207 1049 273 1139; x_wconf 87' lang='grc' dir='ltr'><strong><em>άρα</em></strong></span> <span class='ocrx_word' id='word_1_77' title='bbox 296 1048 341 1130; x_wconf 80' lang='grc' dir='ltr'><strong><em>ὡς</em></strong></span> <span class='ocrx_word' id='word_1_78' title='bbox 365 1048 384 1137; x_wconf 83' lang='grc' dir='ltr'><strong><em>ἡ</em></strong></span> <span class='ocrx_word' id='word_1_79' title='bbox 404 1058 475 1118; x_wconf 91' lang='grc' dir='ltr'><strong><em>ΛΤ</em></strong></span> <span class='ocrx_word' id='word_1_80' title='bbox 493 1050 577 1139; x_wconf 89' lang='grc' dir='ltr'><strong><em>πρὸς</em></strong></span> <span class='ocrx_word' id='word_1_81' title='bbox 599 1049 662 1137; x_wconf 79' lang='grc' dir='ltr'><strong><em>τὴν</em></strong></span> <span class='ocrx_word' id='word_1_82' title='bbox 684 1058 765 1136; x_wconf 91' lang='grc' dir='ltr'><strong><em>ΤΒ,</em></strong></span> <span class='ocrx_word' id='word_1_83' title='bbox 788 1051 896 1130; x_wconf 81' lang='grc' dir='ltr'><strong><em>οὕτως</em></strong></span> <span class='ocrx_word' id='word_1_84' title='bbox 917 1048 1026 1137; x_wconf 80' lang='grc' dir='ltr'><strong><em>ἡΝΟ</em></strong></span> <span class='ocrx_word' id='word_1_85' title='bbox 1044 1048 1124 1137; x_wconf 86' lang='grc' dir='ltr'><strong><em>πρὸς</em></strong></span> 
     </span>
     <span class='ocr_line' id='line_1_10' title="bbox 106 1155 1121 1247; baseline 0 -23"><span class='ocrx_word' id='word_1_86' title='bbox 106 1157 169 1244; x_wconf 79' lang='grc' dir='ltr'><strong><em>τὴν</em></strong></span> <span class='ocrx_word' id='word_1_87' title='bbox 199 1163 269 1226; x_wconf 92' lang='grc' dir='ltr'><strong><em>ΟΖ.</em></strong></span> <span class='ocrx_word' id='word_1_88' title='bbox 319 1159 454 1244; x_wconf 77' lang='grc' dir='ltr'><em>ἐδείχθη</em></span> <span class='ocrx_word' id='word_1_89' title='bbox 484 1158 521 1226; x_wconf 72' lang='grc' dir='ltr'><strong><em>δὲ</em></strong></span> <span class='ocrx_word' id='word_1_90' title='bbox 552 1159 608 1226; x_wconf 80' lang='grc' dir='ltr'><strong><em>καί</em></strong></span> <span class='ocrx_word' id='word_1_91' title='bbox 637 1156 682 1237; x_wconf 78' lang='grc' dir='ltr'><strong><em>ὡς</em></strong></span> <span class='ocrx_word' id='word_1_92' title='bbox 712 1155 732 1244; x_wconf 78' lang='grc' dir='ltr'><em>ἡ</em></span> <span class='ocrx_word' id='word_1_93' title='bbox 760 1165 820 1226; x_wconf 94' lang='grc' dir='ltr'><strong><em>ΤΒ</em></strong></span> <span class='ocrx_word' id='word_1_94' title='bbox 847 1155 932 1247; x_wconf 87' lang='grc' dir='ltr'><strong><em>πρὸς</em></strong></span> <span class='ocrx_word' id='word_1_95' title='bbox 954 1156 1019 1243; x_wconf 77' lang='grc' dir='ltr'><strong><em>τὴν</em></strong></span> <span class='ocrx_word' id='word_1_96' title='bbox 1042 1164 1121 1242; x_wconf 90' lang='grc' dir='ltr'><strong><em>ΒΛ,</em></strong></span> 
     </span>
     <span class='ocr_line' id='line_1_11' title="bbox 55 1261 1122 1353; baseline 0.001 -23"><span class='ocrx_word' id='word_1_97' title='bbox 55 1282 88 1332; x_wconf 85' lang='lat'><strong><em>10</em></strong></span> <span class='ocrx_word' id='word_1_98' title='bbox 108 1264 215 1344; x_wconf 81' lang='grc' dir='ltr'><strong><em>οὕτως</em></strong></span> <span class='ocrx_word' id='word_1_99' title='bbox 244 1263 265 1349; x_wconf 82' lang='grc' dir='ltr'><em>ἡ</em></span> <span class='ocrx_word' id='word_1_100' title='bbox 291 1271 353 1332; x_wconf 94' lang='grc' dir='ltr'><strong><em>ΟΖ</em></strong></span> <span class='ocrx_word' id='word_1_101' title='bbox 376 1263 460 1353; x_wconf 87' lang='grc' dir='ltr'><strong><em>πρὸς</em></strong></span> <span class='ocrx_word' id='word_1_102' title='bbox 482 1261 544 1350; x_wconf 81' lang='grc' dir='ltr'><strong><em>τὴν</em></strong></span> <span class='ocrx_word' id='word_1_103' title='bbox 569 1271 644 1331; x_wconf 90' lang='grc' dir='ltr'><strong><em>ΖΝ.</em></strong></span> <span class='ocrx_word' id='word_1_104' title='bbox 682 1262 728 1333; x_wconf 84' lang='grc' dir='ltr'><strong><em>δι’</em></strong></span> <span class='ocrx_word' id='word_1_105' title='bbox 754 1272 832 1332; x_wconf 85' lang='grc' dir='ltr'><strong><em>ίσου</em></strong></span> <span class='ocrx_word' id='word_1_106' title='bbox 855 1262 922 1350; x_wconf 86' lang='grc' dir='ltr'><strong><em>άρα</em></strong></span> <span class='ocrx_word' id='word_1_107' title='bbox 944 1262 1037 1350; x_wconf 81' lang='grc' dir='ltr'><strong><em>ὡςὴ</em></strong></span> <span class='ocrx_word' id='word_1_108' title='bbox 1064 1269 1122 1331; x_wconf 89' lang='grc' dir='ltr'><strong><em>ΤΛ</em></strong></span> 
     </span>
     <span class='ocr_line' id='line_1_12' title="bbox 106 1367 1120 1459; baseline 0.001 -23"><span class='ocrx_word' id='word_1_109' title='bbox 106 1368 189 1456; x_wconf 87' lang='grc' dir='ltr'><strong><em>πρὸς</em></strong></span> <span class='ocrx_word' id='word_1_110' title='bbox 220 1369 283 1456; x_wconf 83' lang='grc' dir='ltr'><strong><em>τὴν</em></strong></span> <span class='ocrx_word' id='word_1_111' title='bbox 311 1376 392 1456; x_wconf 94' lang='grc' dir='ltr'><strong><em>ΛΒ,</em></strong></span> <span class='ocrx_word' id='word_1_112' title='bbox 425 1370 532 1450; x_wconf 80' lang='grc' dir='ltr'><strong><em>οὕτως</em></strong></span> <span class='ocrx_word' id='word_1_113' title='bbox 564 1367 586 1456; x_wconf 71' lang='grc' dir='ltr'>ἡ</span> <span class='ocrx_word' id='word_1_114' title='bbox 616 1377 689 1438; x_wconf 93' lang='grc' dir='ltr'><strong><em>ΟΝ</em></strong></span> <span class='ocrx_word' id='word_1_115' title='bbox 715 1369 800 1459; x_wconf 86' lang='grc' dir='ltr'><strong><em>πρὸς</em></strong></span> <span class='ocrx_word' id='word_1_116' title='bbox 829 1368 893 1457; x_wconf 81' lang='grc' dir='ltr'><strong><em>τὴν</em></strong></span> <span class='ocrx_word' id='word_1_117' title='bbox 925 1377 1003 1438; x_wconf 92' lang='grc' dir='ltr'><strong><em>ΝΖ.</em></strong></span> <span class='ocrx_word' id='word_1_118' title='bbox 1057 1372 1120 1438; x_wconf 84' lang='grc' dir='ltr'><strong><em>τών</em></strong></span> 
     </span>
     <span class='ocr_line' id='line_1_13' title="bbox 106 1473 1120 1563; baseline 0 -21"><span class='ocrx_word' id='word_1_119' title='bbox 106 1482 137 1543; x_wconf 95' lang='grc' dir='ltr'><em>Λ</em></span> <span class='ocrx_word' id='word_1_120' title='bbox 146 1482 220 1559; x_wconf 91' lang='grc' dir='ltr'><strong><em>ΤΒ,</em></strong></span> <span class='ocrx_word' id='word_1_121' title='bbox 239 1481 341 1542; x_wconf 91' lang='grc' dir='ltr'><strong><em>ΝΟΖ</em></strong></span> <span class='ocrx_word' id='word_1_122' title='bbox 360 1473 427 1563; x_wconf 90' lang='grc' dir='ltr'><strong><em>άρα</em></strong></span> <span class='ocrx_word' id='word_1_123' title='bbox 445 1474 621 1563; x_wconf 78' lang='grc' dir='ltr'><strong><em>τριγώνων</em></strong></span> <span class='ocrx_word' id='word_1_124' title='bbox 636 1473 806 1560; x_wconf 90' lang='grc' dir='ltr'><strong><em>άνάλογόν</em></strong></span> <span class='ocrx_word' id='word_1_125' title='bbox 820 1479 907 1543; x_wconf 84' lang='grc' dir='ltr'><strong><em>είσιν</em></strong></span> <span class='ocrx_word' id='word_1_126' title='bbox 921 1477 959 1541; x_wconf 90' lang='grc' dir='ltr'><strong><em>αί</em></strong></span> <span class='ocrx_word' id='word_1_127' title='bbox 970 1479 1120 1563; x_wconf 80' lang='grc' dir='ltr'><strong><em>πλευραί·</em></strong></span> 
     </span>
     <span class='ocr_line' id='line_1_14' title="bbox 107 1578 1120 1670; baseline -0.001 -22"><span class='ocrx_word' id='word_1_128' title='bbox 107 1580 268 1667; x_wconf 77' lang='grc' dir='ltr'><strong><em>ἰσογώνια</em></strong></span> <span class='ocrx_word' id='word_1_129' title='bbox 291 1578 357 1667; x_wconf 84' lang='grc' dir='ltr'><strong><em>άρα</em></strong></span> <span class='ocrx_word' id='word_1_130' title='bbox 375 1580 445 1647; x_wconf 81' lang='grc' dir='ltr'><strong><em>ἐστὶ</em></strong></span> <span class='ocrx_word' id='word_1_131' title='bbox 463 1578 504 1647; x_wconf 89' lang='grc' dir='ltr'><strong><em>τδι</em></strong></span> <span class='ocrx_word' id='word_1_132' title='bbox 523 1586 638 1664; x_wconf 90' lang='grc' dir='ltr'><em>ΛΤΒ,</em></span> <span class='ocrx_word' id='word_1_133' title='bbox 656 1588 759 1648; x_wconf 90' lang='grc' dir='ltr'><strong><em>ΝΟΖ</em></strong></span> <span class='ocrx_word' id='word_1_134' title='bbox 780 1586 942 1670; x_wconf 86' lang='grc' dir='ltr'><strong><em>τρίγωνα·</em></strong></span> <span class='ocrx_word' id='word_1_135' title='bbox 966 1578 1052 1649; x_wconf 83' lang='grc' dir='ltr'><strong><em>ώστε</em></strong></span> <span class='ocrx_word' id='word_1_136' title='bbox 1069 1580 1120 1648; x_wconf 82' lang='grc' dir='ltr'><strong><em>καλ</em></strong></span> 
     </span>
     <span class='ocr_line' id='line_1_15' title="bbox 106 1678 1120 1776; baseline -0.001 -20"><span class='ocrx_word' id='word_1_137' title='bbox 106 1685 214 1775; x_wconf 83' lang='grc' dir='ltr'><strong><em>ὅμοια.</em></strong></span> <span class='ocrx_word' id='word_1_138' title='bbox 260 1686 316 1754; x_wconf 87' lang='grc' dir='ltr'><strong><em>καὶ</em></strong></span> <span class='ocrx_word' id='word_1_139' title='bbox 339 1687 485 1773; x_wconf 77' lang='grc' dir='ltr'><strong><em>πυραμίς</em></strong></span> <span class='ocrx_word' id='word_1_140' title='bbox 507 1684 584 1775; x_wconf 86' lang='grc' dir='ltr'><strong><em>άρα,</em></strong></span> <span class='ocrx_word' id='word_1_141' title='bbox 607 1678 647 1773; x_wconf 77' lang='grc' dir='ltr'><strong><em>ἧς</em></strong></span> <span class='ocrx_word' id='word_1_142' title='bbox 669 1686 767 1773; x_wconf 84' lang='grc' dir='ltr'><strong><em>βάσις</em></strong></span> <span class='ocrx_word' id='word_1_143' title='bbox 789 1687 852 1774; x_wconf 76' lang='grc' dir='ltr'><strong><em>μὲν</em></strong></span> <span class='ocrx_word' id='word_1_144' title='bbox 873 1684 912 1756; x_wconf 86' lang='grc' dir='ltr'><strong><em>τὸ</em></strong></span> <span class='ocrx_word' id='word_1_145' title='bbox 930 1694 1040 1755; x_wconf 86' lang='grc' dir='ltr'><strong><em>ΒΚΤ</em></strong></span> <span class='ocrx_word' id='word_1_146' title='bbox 1058 1693 1120 1776; x_wconf 73' lang='grc' dir='ltr'><strong><em>τρί</em></strong></span> 
     </span>
     <span class='ocr_line' id='line_1_16' title="bbox 54 1792 1119 1883; baseline 0.001 -22"><span class='ocrx_word' id='word_1_147' title='bbox 54 1813 86 1863; x_wconf 82' lang='lat'><strong><em>15</em></strong></span> <span class='ocrx_word' id='word_1_148' title='bbox 105 1820 229 1880; x_wconf 88' lang='grc' dir='ltr'><strong><em>γωυον,</em></strong></span> <span class='ocrx_word' id='word_1_149' title='bbox 252 1793 386 1882; x_wconf 80' lang='grc' dir='ltr'><strong><em>κορυφὴ</em></strong></span> <span class='ocrx_word' id='word_1_150' title='bbox 407 1793 444 1860; x_wconf 72' lang='grc' dir='ltr'><strong><em>δὲ</em></strong></span> <span class='ocrx_word' id='word_1_151' title='bbox 462 1792 500 1860; x_wconf 90' lang='grc' dir='ltr'><strong><em>τὸ</em></strong></span> <span class='ocrx_word' id='word_1_152' title='bbox 520 1801 552 1861; x_wconf 98' lang='grc' dir='ltr'><em>Λ</em></span> <span class='ocrx_word' id='word_1_153' title='bbox 570 1807 721 1880; x_wconf 77' lang='grc' dir='ltr'><strong><em>σημεῖον,</em></strong></span> <span class='ocrx_word' id='word_1_154' title='bbox 741 1792 841 1881; x_wconf 90' lang='grc' dir='ltr'><strong><em>ὁμοία</em></strong></span> <span class='ocrx_word' id='word_1_155' title='bbox 860 1793 930 1862; x_wconf 76' lang='grc' dir='ltr'><strong><em>ἐστὶ</em></strong></span> <span class='ocrx_word' id='word_1_156' title='bbox 948 1798 1119 1883; x_wconf 75' lang='grc' dir='ltr'><em>πυραμίδι,</em></span> 
     </span>
     <span class='ocr_line' id='line_1_17' title="bbox 105 1893 1124 1989; baseline 0.002 -21"><span class='ocrx_word' id='word_1_157' title='bbox 105 1893 143 1988; x_wconf 80' lang='grc' dir='ltr'><strong><em>ἧς</em></strong></span> <span class='ocrx_word' id='word_1_158' title='bbox 172 1900 270 1987; x_wconf 84' lang='grc' dir='ltr'><strong><em>βάσις</em></strong></span> <span class='ocrx_word' id='word_1_159' title='bbox 297 1899 358 1986; x_wconf 69' lang='grc' dir='ltr'><strong><em>μὲν</em></strong></span> <span class='ocrx_word' id='word_1_160' title='bbox 386 1898 424 1966; x_wconf 87' lang='grc' dir='ltr'><strong><em>τὸ</em></strong></span> <span class='ocrx_word' id='word_1_161' title='bbox 453 1907 560 1967; x_wconf 89' lang='grc' dir='ltr'><strong><em>ΖΜΟ</em></strong></span> <span class='ocrx_word' id='word_1_162' title='bbox 586 1906 769 1988; x_wconf 88' lang='grc' dir='ltr'><strong><em>τρίγωνον,</em></strong></span> <span class='ocrx_word' id='word_1_163' title='bbox 798 1898 931 1989; x_wconf 78' lang='grc' dir='ltr'><strong><em>κορυφὴ</em></strong></span> <span class='ocrx_word' id='word_1_164' title='bbox 961 1901 1000 1969; x_wconf 75' lang='grc' dir='ltr'><strong><em>δὲ</em></strong></span> <span class='ocrx_word' id='word_1_165' title='bbox 1028 1901 1065 1970; x_wconf 84' lang='grc' dir='ltr'><strong><em>τὸ</em></strong></span> <span class='ocrx_word' id='word_1_166' title='bbox 1088 1906 1124 1969; x_wconf 93' lang='grc' dir='ltr'><strong>Ν</strong></span> 
     </span>
     <span class='ocr_line' id='line_1_18' title="bbox 105 2003 1120 2095; baseline 0.003 -21"><span class='ocrx_word' id='word_1_167' title='bbox 105 2022 258 2094; x_wconf 78' lang='grc' dir='ltr'><strong><em>σημεῖον·</em></strong></span> <span class='ocrx_word' id='word_1_168' title='bbox 285 2003 351 2074; x_wconf 84' lang='grc' dir='ltr'><strong><em>ὑπὸ</em></strong></span> <span class='ocrx_word' id='word_1_169' title='bbox 375 2004 440 2095; x_wconf 85' lang='grc' dir='ltr'><strong><em>γάρ</em></strong></span> <span class='ocrx_word' id='word_1_170' title='bbox 466 2005 592 2093; x_wconf 92' lang='grc' dir='ltr'><strong><em>ὁμοίων</em></strong></span> <span class='ocrx_word' id='word_1_171' title='bbox 617 2009 782 2076; x_wconf 77' lang='grc' dir='ltr'><strong><em>ἐπιπέδων</em></strong></span> <span class='ocrx_word' id='word_1_172' title='bbox 805 2009 1013 2094; x_wconf 72' lang='grc' dir='ltr'><strong><em>περιέχονται</em></strong></span> <span class='ocrx_word' id='word_1_173' title='bbox 1039 2017 1120 2077; x_wconf 86' lang='grc' dir='ltr'><strong><em>ίσων</em></strong></span> 
     </span>
     <span class='ocr_line' id='line_1_19' title="bbox 104 2110 1120 2204; baseline 0.007 -26"><span class='ocrx_word' id='word_1_174' title='bbox 104 2111 141 2180; x_wconf 84' lang='grc' dir='ltr'><strong><em>τὸ</em></strong></span> <span class='ocrx_word' id='word_1_175' title='bbox 171 2117 311 2198; x_wconf 75' lang='grc' dir='ltr'><strong><em>πλῆθος.</em></strong></span> <span class='ocrx_word' id='word_1_176' title='bbox 362 2116 401 2180; x_wconf 86' lang='grc' dir='ltr'><strong><em>αί</em></strong></span> <span class='ocrx_word' id='word_1_177' title='bbox 425 2112 463 2181; x_wconf 72' lang='grc' dir='ltr'><strong><em>δὲ</em></strong></span> <span class='ocrx_word' id='word_1_178' title='bbox 496 2110 609 2199; x_wconf 82' lang='grc' dir='ltr'><strong><em>ὅμοιαι</em></strong></span> <span class='ocrx_word' id='word_1_179' title='bbox 640 2117 825 2200; x_wconf 74' lang='grc' dir='ltr'><strong><em>πυραμίδες</em></strong></span> <span class='ocrx_word' id='word_1_180' title='bbox 851 2114 908 2181; x_wconf 77' lang='grc' dir='ltr'><strong><em>καί</em></strong></span> <span class='ocrx_word' id='word_1_181' title='bbox 937 2113 1120 2204; x_wconf 87' lang='grc' dir='ltr'><strong><em>τριγώνους</em></strong></span> 
     </span>
     <span class='ocr_line' id='line_1_20' title="bbox 105 2218 1120 2312; baseline 0.006 -27"><span class='ocrx_word' id='word_1_182' title='bbox 105 2223 241 2305; x_wconf 83' lang='grc' dir='ltr'><strong><em>ἔχουσαι</em></strong></span> <span class='ocrx_word' id='word_1_183' title='bbox 273 2218 387 2303; x_wconf 79' lang='grc' dir='ltr'><strong><em>βάσεις</em></strong></span> <span class='ocrx_word' id='word_1_184' title='bbox 420 2222 457 2287; x_wconf 78' lang='grc' dir='ltr'><strong><em>ἐν</em></strong></span> <span class='ocrx_word' id='word_1_185' title='bbox 488 2225 699 2307; x_wconf 80' lang='grc' dir='ltr'><strong><em>τριπλασίονι</em></strong></span> <span class='ocrx_word' id='word_1_186' title='bbox 731 2219 820 2312; x_wconf 79' lang='grc' dir='ltr'><strong><em>λόγῳ</em></strong></span> <span class='ocrx_word' id='word_1_187' title='bbox 852 2221 916 2288; x_wconf 84' lang='grc' dir='ltr'><strong><em>είσὶ</em></strong></span> <span class='ocrx_word' id='word_1_188' title='bbox 945 2231 1017 2289; x_wconf 85' lang='grc' dir='ltr'><strong><em>τών</em></strong></span> <span class='ocrx_word' id='word_1_189' title='bbox 1045 2219 1120 2309; x_wconf 90' lang='grc' dir='ltr'><strong><em>ὁμο-</em></strong></span> 
     </span>
     <span class='ocr_line' id='line_1_21' title="bbox 50 2323 1120 2415; baseline 0.003 -22"><span class='ocrx_word' id='word_1_190' title='bbox 50 2344 85 2393; x_wconf 81' lang='lat'><strong><em>20</em></strong></span> <span class='ocrx_word' id='word_1_191' title='bbox 104 2325 216 2410; x_wconf 92' lang='grc' dir='ltr'><strong><em>λόγων</em></strong></span> <span class='ocrx_word' id='word_1_192' title='bbox 243 2328 407 2412; x_wconf 87' lang='grc' dir='ltr'><strong><em>πλευρών.</em></strong></span> <span class='ocrx_word' id='word_1_193' title='bbox 457 2323 478 2411; x_wconf 82' lang='grc' dir='ltr'><em>ἡ</em></span> <span class='ocrx_word' id='word_1_194' title='bbox 511 2325 577 2414; x_wconf 83' lang='grc' dir='ltr'><strong><em>άρα</em></strong></span> <span class='ocrx_word' id='word_1_195' title='bbox 606 2333 744 2394; x_wconf 90' lang='grc' dir='ltr'><em>ΒΚΤΛ</em></span> <span class='ocrx_word' id='word_1_196' title='bbox 776 2326 921 2415; x_wconf 78' lang='grc' dir='ltr'><strong><em>πυραμίς</em></strong></span> <span class='ocrx_word' id='word_1_197' title='bbox 948 2326 1034 2413; x_wconf 86' lang='grc' dir='ltr'><strong><em>πρὸς</em></strong></span> <span class='ocrx_word' id='word_1_198' title='bbox 1059 2327 1120 2415; x_wconf 82' lang='grc' dir='ltr'><strong><em>τὴν</em></strong></span> 
     </span>
     <span class='ocr_line' id='line_1_22' title="bbox 105 2431 1119 2521; baseline 0.006 -24"><span class='ocrx_word' id='word_1_199' title='bbox 105 2437 255 2498; x_wconf 92' lang='grc' dir='ltr'><strong>ΖΜΟΝ</strong></span> <span class='ocrx_word' id='word_1_200' title='bbox 288 2434 461 2518; x_wconf 78' lang='grc' dir='ltr'><strong><em>πυραμίδα</em></strong></span> <span class='ocrx_word' id='word_1_201' title='bbox 501 2438 721 2519; x_wconf 89' lang='grc' dir='ltr'><strong><em>τριπλασίονα</em></strong></span> <span class='ocrx_word' id='word_1_202' title='bbox 753 2431 858 2518; x_wconf 92' lang='grc' dir='ltr'><strong><em>λόγον</em></strong></span> <span class='ocrx_word' id='word_1_203' title='bbox 886 2437 953 2519; x_wconf 81' lang='grc' dir='ltr'><strong><em>ἔχει</em></strong></span> <span class='ocrx_word' id='word_1_204' title='bbox 984 2432 1070 2521; x_wconf 78' lang='grc' dir='ltr'><strong><em>ἥπερ</em></strong></span> <span class='ocrx_word' id='word_1_205' title='bbox 1099 2432 1119 2521; x_wconf 81' lang='grc' dir='ltr'><em>ἡ</em></span> 
     </span>
     <span class='ocr_line' id='line_1_23' title="bbox 103 2534 1120 2625; baseline 0.005 -21"><span class='ocrx_word' id='word_1_206' title='bbox 103 2545 172 2604; x_wconf 92' lang='grc' dir='ltr'><strong><em>ΒΚ</em></strong></span> <span class='ocrx_word' id='word_1_207' title='bbox 193 2535 276 2624; x_wconf 89' lang='grc' dir='ltr'><strong><em>πρὸς</em></strong></span> <span class='ocrx_word' id='word_1_208' title='bbox 298 2535 360 2621; x_wconf 82' lang='grc' dir='ltr'><strong><em>τὴν</em></strong></span> <span class='ocrx_word' id='word_1_209' title='bbox 375 2543 455 2606; x_wconf 93' lang='grc' dir='ltr'><strong><em>ΖΜ.</em></strong></span> <span class='ocrx_word' id='word_1_210' title='bbox 492 2534 615 2623; x_wconf 89' lang='grc' dir='ltr'><strong><em>ὁμοίως</em></strong></span> <span class='ocrx_word' id='word_1_211' title='bbox 638 2537 679 2624; x_wconf 81' lang='grc' dir='ltr'><strong><em>δὴ</em></strong></span> <span class='ocrx_word' id='word_1_212' title='bbox 700 2537 950 2625; x_wconf 78' lang='grc' dir='ltr'><strong><em>ἐπιζευγνύντες</em></strong></span> <span class='ocrx_word' id='word_1_213' title='bbox 968 2537 1036 2608; x_wconf 87' lang='grc' dir='ltr'><strong><em>άπὸ</em></strong></span> <span class='ocrx_word' id='word_1_214' title='bbox 1055 2544 1120 2609; x_wconf 83' lang='grc' dir='ltr'><strong><em>τών</em></strong></span> 
     </span>
     <span class='ocr_line' id='line_1_24' title="bbox 103 2642 1120 2729; baseline 0.006 -19"><span class='ocrx_word' id='word_1_215' title='bbox 103 2653 150 2728; x_wconf 86' lang='grc' dir='ltr'><strong><em>Α,</em></strong></span> <span class='ocrx_word' id='word_1_216' title='bbox 178 2650 225 2727; x_wconf 90' lang='lat' dir='ltr'><strong><em>X,</em></strong></span> <span class='ocrx_word' id='word_1_217' title='bbox 254 2651 302 2728; x_wconf 83' lang='lat' dir='ltr'><strong><em>A,</em></strong></span> <span class='ocrx_word' id='word_1_218' title='bbox 333 2650 378 2729; x_wconf 88' lang='grc' dir='ltr'><strong><em>Φ,</em></strong></span> <span class='ocrx_word' id='word_1_219' title='bbox 403 2648 445 2728; x_wconf 86' lang='grc' dir='ltr'><strong><em>Γ,</em></strong></span> <span class='ocrx_word' id='word_1_220' title='bbox 476 2651 504 2709; x_wconf 76' lang='lat' dir='ltr'><em>Y</em></span> <span class='ocrx_word' id='word_1_221' title='bbox 525 2644 577 2710; x_wconf 79' lang='grc' dir='ltr'><strong><em>ἐπὶ</em></strong></span> <span class='ocrx_word' id='word_1_222' title='bbox 600 2643 638 2712; x_wconf 89' lang='grc' dir='ltr'><strong><em>τὸ</em></strong></span> <span class='ocrx_word' id='word_1_223' title='bbox 662 2651 697 2710; x_wconf 94' lang='grc' dir='ltr'><em>Κ</em></span> <span class='ocrx_word' id='word_1_224' title='bbox 719 2643 856 2725; x_wconf 82' lang='grc' dir='ltr'><strong><em>εὐθείας</em></strong></span> <span class='ocrx_word' id='word_1_225' title='bbox 885 2645 941 2712; x_wconf 83' lang='grc' dir='ltr'><strong><em>καὶ</em></strong></span> <span class='ocrx_word' id='word_1_226' title='bbox 964 2642 1031 2715; x_wconf 86' lang='grc' dir='ltr'><strong><em>άπὸ</em></strong></span> <span class='ocrx_word' id='word_1_227' title='bbox 1054 2651 1120 2715; x_wconf 83' lang='grc' dir='ltr'><strong><em>τών</em></strong></span> 
     </span>
     <span class='ocr_line' id='line_1_25' title="bbox 103 2749 1117 2840; baseline 0.006 -24"><span class='ocrx_word' id='word_1_228' title='bbox 103 2757 147 2834; x_wconf 87' lang='lat' dir='ltr'><strong><em>E,</em></strong></span> <span class='ocrx_word' id='word_1_229' title='bbox 181 2757 227 2834; x_wconf 88' lang='grc' dir='ltr'><strong><em>Σ,</em></strong></span> <span class='ocrx_word' id='word_1_230' title='bbox 260 2756 303 2834; x_wconf 84' lang='grc' dir='ltr'><strong><em>Ο,</em></strong></span> <span class='ocrx_word' id='word_1_231' title='bbox 331 2757 371 2835; x_wconf 91' lang='grc' dir='ltr'><strong><em>Ρ,</em></strong></span> <span class='ocrx_word' id='word_1_232' title='bbox 399 2757 449 2835; x_wconf 91' lang='grc' dir='ltr'><strong><em>Η,</em></strong></span> <span class='ocrx_word' id='word_1_233' title='bbox 478 2758 516 2817; x_wconf 92' lang='grc' dir='ltr'><em>Π</em></span> <span class='ocrx_word' id='word_1_234' title='bbox 540 2750 593 2818; x_wconf 79' lang='grc' dir='ltr'><strong><em>ἐπὶ</em></strong></span> <span class='ocrx_word' id='word_1_235' title='bbox 622 2749 660 2818; x_wconf 89' lang='grc' dir='ltr'><strong><em>τὸ</em></strong></span> <span class='ocrx_word' id='word_1_236' title='bbox 691 2759 735 2818; x_wconf 95' lang='grc' dir='ltr'><strong>Μ</strong></span> <span class='ocrx_word' id='word_1_237' title='bbox 756 2752 813 2818; x_wconf 79' lang='grc' dir='ltr'><strong><em>καὶ</em></strong></span> <span class='ocrx_word' id='word_1_238' title='bbox 840 2749 1039 2833; x_wconf 77' lang='grc' dir='ltr'><strong><em>ἀνιστάντες</em></strong></span> <span class='ocrx_word' id='word_1_239' title='bbox 1066 2749 1117 2840; x_wconf 82' lang='grc' dir='ltr'><strong><em>ἐφ’</em></strong></span> 
     </span>
     <span class='ocr_line' id='line_1_26' title="bbox 50 2854 1120 2946; baseline 0.003 -22"><span class='ocrx_word' id='word_1_240' title='bbox 50 2874 83 2925; x_wconf 77' lang='lat'><strong><em>25</em></strong></span> <span class='ocrx_word' id='word_1_241' title='bbox 103 2855 245 2923; x_wconf 77' lang='grc' dir='ltr'><strong><em>ἑκάστου</em></strong></span> <span class='ocrx_word' id='word_1_242' title='bbox 266 2858 334 2923; x_wconf 89' lang='grc' dir='ltr'><strong><em>τών</em></strong></span> <span class='ocrx_word' id='word_1_243' title='bbox 356 2854 532 2943; x_wconf 89' lang='grc' dir='ltr'><strong><em>τριγώνων</em></strong></span> <span class='ocrx_word' id='word_1_244' title='bbox 550 2860 740 2944; x_wconf 82' lang='grc' dir='ltr'><strong><em>πυραμίδας</em></strong></span> <span class='ocrx_word' id='word_1_245' title='bbox 757 2854 820 2943; x_wconf 77' lang='grc' dir='ltr'><strong><em>τὴν</em></strong></span> <span class='ocrx_word' id='word_1_246' title='bbox 839 2854 946 2944; x_wconf 82' lang='grc' dir='ltr'><strong><em>αὐτὴν</em></strong></span> <span class='ocrx_word' id='word_1_247' title='bbox 964 2858 1120 2946; x_wconf 84' lang='grc' dir='ltr'><strong><em>κορυφὴν</em></strong></span> 
     </span>
     <span class='ocr_line' id='line_1_27' title="bbox 103 2960 1121 3051; baseline 0.004 -22"><span class='ocrx_word' id='word_1_248' title='bbox 103 2961 243 3049; x_wconf 81' lang='grc' dir='ltr'><strong><em>ἐχούσας</em></strong></span> <span class='ocrx_word' id='word_1_249' title='bbox 274 2974 344 3039; x_wconf 80' lang='grc' dir='ltr'><strong><em>τοῖς</em></strong></span> <span class='ocrx_word' id='word_1_250' title='bbox 375 2960 497 3040; x_wconf 84' lang='grc' dir='ltr'><strong><em>κώνοις</em></strong></span> <span class='ocrx_word' id='word_1_251' title='bbox 528 2964 696 3048; x_wconf 83' lang='grc' dir='ltr'><strong><em>δείξομεν,</em></strong></span> <span class='ocrx_word' id='word_1_252' title='bbox 729 2962 781 3030; x_wconf 85' lang='grc' dir='ltr'><strong><em>ὅτι</em></strong></span> <span class='ocrx_word' id='word_1_253' title='bbox 813 2963 868 3030; x_wconf 80' lang='grc' dir='ltr'><strong><em>καὶ</em></strong></span> <span class='ocrx_word' id='word_1_254' title='bbox 902 2962 1024 3051; x_wconf 82' lang='grc' dir='ltr'><strong><em>ἑκάστη</em></strong></span> <span class='ocrx_word' id='word_1_255' title='bbox 1053 2969 1121 3033; x_wconf 83' lang='grc' dir='ltr'><strong><em>τών</em></strong></span> 
     </span>
     <span class='ocr_line' id='line_1_28' title="bbox 103 3065 1122 3158; baseline 0.001 -22"><span class='ocrx_word' id='word_1_256' title='bbox 103 3065 279 3155; x_wconf 76' lang='grc' dir='ltr'><strong><em>ὁμοταγῶν</em></strong></span> <span class='ocrx_word' id='word_1_257' title='bbox 297 3073 498 3157; x_wconf 90' lang='grc' dir='ltr'><strong><em>πυραμίδων</em></strong></span> <span class='ocrx_word' id='word_1_258' title='bbox 515 3069 600 3156; x_wconf 86' lang='grc' dir='ltr'><strong><em>πρὸς</em></strong></span> <span class='ocrx_word' id='word_1_259' title='bbox 619 3070 762 3156; x_wconf 83' lang='grc' dir='ltr'><strong><em>ἑκάστην</em></strong></span> <span class='ocrx_word' id='word_1_260' title='bbox 782 3067 928 3156; x_wconf 79' lang='grc' dir='ltr'><strong><em>ὁμοταγῆ</em></strong></span> <span class='ocrx_word' id='word_1_261' title='bbox 948 3075 1122 3158; x_wconf 91' lang='grc' dir='ltr'><strong><em>πυραμίδα</em></strong></span> 
     </span>
     <span class='ocr_line' id='line_1_29' title="bbox 101 3174 1122 3266; baseline 0.003 -23"><span class='ocrx_word' id='word_1_262' title='bbox 101 3181 321 3264; x_wconf 90' lang='grc' dir='ltr'><strong><em>τριπλασίονα</em></strong></span> <span class='ocrx_word' id='word_1_263' title='bbox 344 3175 448 3262; x_wconf 91' lang='grc' dir='ltr'><strong><em>λόγον</em></strong></span> <span class='ocrx_word' id='word_1_264' title='bbox 476 3177 540 3258; x_wconf 78' lang='grc' dir='ltr'><strong><em>ἕξει</em></strong></span> <span class='ocrx_word' id='word_1_265' title='bbox 563 3176 647 3265; x_wconf 81' lang='grc' dir='ltr'><strong><em>ἥπερ</em></strong></span> <span class='ocrx_word' id='word_1_266' title='bbox 671 3203 691 3263; x_wconf 82' lang='grc' dir='ltr'><em>η</em></span> <span class='ocrx_word' id='word_1_267' title='bbox 716 3183 785 3242; x_wconf 93' lang='grc' dir='ltr'><strong><em>ΒΚ</em></strong></span> <span class='ocrx_word' id='word_1_268' title='bbox 806 3174 971 3263; x_wconf 82' lang='grc' dir='ltr'><strong><em>ὁμόλογος</em></strong></span> <span class='ocrx_word' id='word_1_269' title='bbox 993 3176 1122 3266; x_wconf 80' lang='grc' dir='ltr'><strong><em>πλευρὰ</em></strong></span> 
     </span>
    </p>
   </div>
   <div class='ocr_carea' id='block_1_3' title="bbox 92 3388 1123 3574">
    <p class='ocr_par' dir='ltr' id='par_1_3' title="bbox 92 3388 1123 3574">
     <span class='ocr_line' id='line_1_30' title="bbox 172 3388 1123 3498; baseline 0 -18"><span class='ocrx_word' id='word_1_270' title='bbox 172 3432 196 3480; x_wconf 86' lang='grc'><strong><em>1,</em></strong></span> <span class='ocrx_word' id='word_1_271' title='bbox 216 3421 279 3498; x_wconf 81' lang='grc' dir='ltr'><strong><em>τήν]</em></strong></span> <span class='ocrx_word' id='word_1_272' title='bbox 300 3442 354 3481; x_wconf 90' lang='lat' dir='ltr'><strong><em>om.</em></strong></span> <span class='ocrx_word' id='word_1_273' title='bbox 374 3424 408 3479; x_wconf 89' lang='lat' dir='ltr'><strong><em>V.</em></strong></span> <span class='ocrx_word' id='word_1_274' title='bbox 481 3431 506 3480; x_wconf 78' lang='lat'><strong><em>2.</em></strong></span> <span class='ocrx_word' id='word_1_275' title='bbox 526 3421 578 3494; x_wconf 82' lang='grc' dir='ltr'><strong><em>τὴν</em></strong></span> <span class='ocrx_word' id='word_1_276' title='bbox 599 3426 661 3496; x_wconf 91' lang='grc' dir='ltr'><strong><em>ΖΟ]</em></strong></span> <span class='ocrx_word' id='word_1_277' title='bbox 683 3427 735 3480; x_wconf 92' lang='grc' dir='ltr'><strong><em>ΖΟ</em></strong></span> <span class='ocrx_word' id='word_1_278' title='bbox 752 3388 838 3494; x_wconf 22' lang='lat' dir='ltr'><strong><em>thq.</em></strong></span> <span class='ocrx_word' id='word_1_279' title='bbox 912 3429 937 3478; x_wconf 86' lang='grc'><strong><em>3.</em></strong></span> <span class='ocrx_word' id='word_1_280' title='bbox 956 3429 1018 3480; x_wconf 91' lang='grc' dir='ltr'><strong><em>ΜΖ</em></strong></span> <span class='ocrx_word' id='word_1_281' title='bbox 1036 3425 1073 3493; x_wconf 86' lang='grc' dir='ltr'><strong><em>Β,</em></strong></span> <span class='ocrx_word' id='word_1_282' title='bbox 1092 3428 1123 3481; x_wconf 76' lang='lat' dir='ltr'><strong><em>ot</em></strong></span> 
     </span>
     <span class='ocr_line' id='line_1_31' title="bbox 92 3493 1119 3574; baseline -0.001 -22"><span class='ocrx_word' id='word_1_283' title='bbox 92 3493 193 3564; x_wconf 68' lang='lat' dir='ltr'><strong><em>Ksed</em></strong></span> <span class='ocrx_word' id='word_1_284' title='bbox 212 3516 283 3556; x_wconf 77' lang='lat' dir='ltr'><strong>corr.</strong></span> <span class='ocrx_word' id='word_1_285' title='bbox 380 3493 463 3574; x_wconf 80' lang='grc' dir='ltr'><strong><em>ἐπεί]</em></strong></span> <span class='ocrx_word' id='word_1_286' title='bbox 485 3515 540 3557; x_wconf 83' lang='grc' dir='ltr'><strong><em>οω.</em></strong></span> <span class='ocrx_word' id='word_1_287' title='bbox 560 3498 597 3555; x_wconf 78' lang='lat' dir='ltr'><strong><em>P:</em></strong></span> <span class='ocrx_word' id='word_1_288' title='bbox 684 3503 711 3552; x_wconf 66' lang='grc' dir='ltr'><strong><em>λ.</em></strong></span> <span class='ocrx_word' id='word_1_289' title='bbox 730 3500 781 3551; x_wconf 70' lang='lat' dir='ltr'><strong><em>AT</em></strong></span> <span class='ocrx_word' id='word_1_290' title='bbox 790 3497 875 3566; x_wconf 65' lang='grc' dir='ltr'><strong><em>ΚΠ</em></strong></span> <span class='ocrx_word' id='word_1_291' title='bbox 890 3512 976 3565; x_wconf 58' lang='lat' dir='ltr'><strong><em>wa</em></strong></span> <span class='ocrx_word' id='word_1_292' title='bbox 992 3513 1030 3554; x_wconf 70' lang='lat' dir='ltr'><strong>m</strong></span> <span class='ocrx_word' id='word_1_293' title='bbox 1051 3504 1065 3552; x_wconf 92' lang='lat'><strong>1</strong></span> <span class='ocrx_word' id='word_1_294' title='bbox 1086 3496 1119 3552; x_wconf 86' lang='lat' dir='ltr'><strong><em>V.</em></strong></span> 
     </span>
    </p>
   </div>
   <div class='ocr_carea' id='block_1_4' title="bbox 0 0 1174 3818">
    <p class='ocr_par' dir='ltr' id='par_1_4' title="bbox 0 0 1174 3818">
     <span class='ocr_line' id='line_1_32' title="bbox 0 0 1174 3818; baseline 0 0"><span class='ocrx_word' id='word_1_295' title='bbox 0 0 1174 3818; x_wconf 95' lang='lat' dir='ltr'><strong><em> </em></strong></span> 
     </span>
    </p>
   </div>
  </div>
 </body>
</html>
