2340 3818
99 132 163 196 176
471 129 672 183 ΣΤοιΧΕΙΩΝ
691 123 742 200 ιμ’.

99 273 137 342 δὲ
165 271 201 341 τδ
226 280 259 341 Γ
283 284 437 359 σημεῖον,
467 276 581 359 τρίτον
605 273 740 358 ἐδείχθη
763 279 826 340 τοῦ
848 274 1045 358 πρίσματος,
1069 257 1101 336 οὗ

98 381 196 466 βάσις
221 377 259 448 τδ
289 384 392 447 ΑΒΓ
413 383 596 466 τρίγωνον,
629 375 833 447 ἀπεναντίον
861 376 900 445 δὲ
930 375 969 445 τὸ
1000 381 1101 461 ΑΒΖ,

98 486 154 553 καὶ
177 483 197 573 ἡ
221 487 367 575 πυραμὶς
390 482 465 573 ἀρα,
493 474 533 570 ἧς
554 484 653 570 βάσις
675 482 713 552 τδ
740 489 843 551 ΑΒΓ
860 488 1040 571 τρίγωνον,
1059 506 1102 549 αο-

99 591 190 679 ρυφὴ
224 591 262 660 δὲ
291 591 328 660 τὸ
360 600 392 658 Δ
420 603 575 677 σημεῖον,
606 596 721 678 τρίτον
749 590 818 659 ἐστὶ
845 593 908 658 τοῦ
935 594 1102 679 πρίσματος

64 702 160 766 οτοῦ
197 703 332 785 ἔχοντος
367 697 468 783 βάσιν
501 695 563 783 τὴν
593 693 704 784 αὐτὴν
736 693 774 764 τὸ
808 702 913 764 ΑΒΓ
940 688 1123 783 τράιοινον,Ι

100 801 304 871 ἀπεναντίον
327 802 365 871 δὲ
386 802 424 870 τὸ
448 809 559 872 ΔΕΖ.

510 997 706 1085 Πόρισμα.

164 1118 219 1188 Ἐκ
244 1118 285 1206 δὴ
309 1120 433 1189 τούτου
456 1119 622 1209 φανερόν,
651 1119 703 1189 ὅτι
725 1124 816 1189 πᾶσα
839 1119 985 1208 πυραμίς
1006 1123 1100 1208 τρίτον

101 1229 200 1315 μέρος
219 1229 287 1295 ἐστὶ
306 1238 367 1296 τοῦ
386 1232 569 1314 πρίσματος
587 1230 649 1295 τοῦ
666 1224 729 1314 τὴν
747 1223 853 1313 αὐτὴν
868 1224 971 1312 βάσιν
985 1229 1097 1312 ἔχοντες

50 1354 82 1402 10
102 1329 184 1421 αὐτῇ
212 1334 268 1401 καὶ
295 1332 381 1415 ὕψος
409 1342 485 1402 ίσον
514 1332 705 1421 [ἐπειδήπερ
728 1328 793 1401 κάν
815 1331 932 1420 ἕτερόν
955 1358 987 1398 τι
1010 1334 1097 1419 σχῆμα

102 1437 343 1528 εὐθύγραμμον
367 1443 423 1527 ἔχῃ
447 1435 468 1524 ἡ
492 1438 589 1524 βάσις
610 1449 673 1507 τοῦ
692 1445 886 1527 πρίσματος,
910 1433 1097 1528 τοιοῦτομά

100 1544 138 1614 τὸ
168 1543 385 1630 ἀπεναντίον,
413 1545 468 1611 καὶ
498 1548 673 1634 διαιρεῖται
701 1549 748 1625 είς
776 1549 945 1634 πρίσματα
971 1548 1097 1630 τρίγωνα

102 1657 219 1739 ἔχοντα
246 1649 304 1732 τὰς
331 1650 444 1737 βάσεις
471 1651 527 1718 καὶ
554 1651 594 1719 τὰ
616 1650 834 1737 ἀπεναντίον,
862 1651 919 1719 ιιαὶ
942 1647 988 1731 ὦς
1010 1648 1031 1738 ἡ
1051 1646 1096 1733 δίς

101 1759 198 1846 βάσις
220 1757 302 1847 πρὸς
326 1759 494 1841 ἕκαστον]·
518 1755 598 1846 ὅπερ
623 1761 691 1825 ἔδει
714 1759 828 1839 δείξαι.
1035 1768 1038 1773 ’

51 1991 82 2040 15
588 1969 632 2056 η’.

169 2098 221 2162 At
239 2092 382 2181 ὅμοιαι
399 2098 618 2181 πυραμίδες
636 2095 700 2162 καὶ
718 2093 938 2182 τριγώνους
957 2099 1099 2182 ἔχουσαι

103 2200 238 2286 βάσεις
270 2204 311 2268 ἐν
343 2207 602 2289 τριπλασίονι
634 2199 736 2291 λόγῳ
768 2201 845 2269 είσὶ
872 2204 952 2270 τῶν
979 2194 1100 2289 ὁμολό-

103 2333 185 2393 γων
207 2310 396 2393 πλευρῶν.

161 2411 344 2479 Ἔστωσαν
373 2409 486 2498 ὅμοιαι
513 2413 569 2480 καὶ
596 2410 722 2499 ὁμοίως
747 2417 897 2499 κείμεναι
925 2414 1103 2501 πυραμίδες,

51 2540 84 2589 εο
104 2510 153 2587 ἀν
177 2517 291 2605 βάσεις
310 2519 370 2606 μέν
389 2522 453 2585 είσι
471 2516 511 2587 τά
531 2526 646 2604 ΑΒΓ,
671 2525 772 2586 ΔΕΖ
790 2524 950 2607 τρίγωνα,
974 2510 1105 2607 κορυφαὶ

104 2624 143 2691 δὲ
173 2623 213 2691 τὰ
241 2632 291 2710 Η,
324 2632 353 2692 Θ
380 2638 513 2712 σημεῖα·
546 2626 647 2711 λέγω,
681 2623 732 2693 ὅτι
759 2621 780 2711 ἡ
808 2631 953 2693 ΑΒΓΗ
975 2619 1108 2715 πυραμίς

104 2728 187 2819 πρὸς
218 2730 280 2818 τὴν
309 2739 444 2800 ΔΕΖΘ
471 2735 643 2821 πυραμίδα
670 2736 889 2819 τριπλασίονα
917 2730 1021 2818 λόγου
1053 2737 1116 2819 ἔχει

104 2836 187 2925 ἥπερ
211 2835 231 2924 ἡ
256 2844 323 2905 ΒΓ
341 2840 424 2925 πρὸς
446 2836 508 2925 τὴν
532 2845 602 2906 ΕΖ.

179 3041 202 3087 1.
241 3030 303 3096 ἀσις
323 3031 381 3088 ἐστὶ
399 3029 430 3088 τδ
451 3034 484 3090 V.
540 3040 565 3088 3.
585 3029 615 3104 ἡ]
635 3051 689 3089 om.
709 3033 743 3090 V.
804 3040 828 3088 ὅ.
847 3028 1070 3118 tofi-adnm
1095 3000 1141 3075 03¹

80 3102 187 3175 ’βάσις
232 3146 238 3159 .
296 3110 336 3158 11.
356 3100 427 3172 ἡ-
446 3105 611 3176 πρίσματος]
633 3101 715 3178 βάσιν
734 3101 765 3159 τὸ
785 3104 891 3175 πρίσμα
910 3122 936 3192 ρ.
992 3113 1107 3159 τοιουσ
1118 3102 1139 3137 ⁰

107 3192 160 3230 om.
181 3175 265 3244 BVq.
341 3181 382 3230 12.
401 3174 446 3247 τό]
466 3172 497 3229 τὸ
516 3170 588 3230 αὐτό
606 3175 653 3244 Bq
673 3179 701 3231 et
719 3192 788 3231 corr.
807 3192 843 3228 ex
860 3170 931 3230 αὐτο
949 3169 982 3229 τό
1001 3173 1036 3230 V.
1105 3219 1139 3249 ,

106 3247 171 3318 καί]
191 3263 244 3302 om.
264 3246 349 3315 BVq.
405 3242 571 3315 τριγώνους,
590 3266 654 3308 -ους
673 3263 688 3301 e
707 3262 775 3301 corr.
795 3264 831 3301 m.
851 3251 867 3300 2
887 3247 920 3302 V.
995 3251 1038 3300 13.
1056 3243 1141 3299 το1

106 3335 160 3372 om.
180 3336 206 3387 q.
280 3318 419 3441 ual]vom.
439 3335 465 3386 q.
538 3315 585 3387 τά]
606 3313 656 3379 τάς
674 3335 700 3386 q.
774 3312 1141 3381 καίδς-14.δεῑξί

107 3405 160 3443 om.
180 3389 278 3443 Theon
296 3387 329 3458 (B
368 3389 405 3456 q).
479 3393 521 3442 1⁷.
541 3387 612 3443 εἰσίν
632 3387 663 3442 Β.
737 3394 778 3442 20.
800 3384 880 3460 βάσις
897 3387 930 3458 Β,
949 3404 1019 3444 corr.
1038 3405 1073 3444 m.

177 3456 289 3530 κορυφή
310 3459 339 3526 Β,
359 3475 427 3513 corr.
446 3476 482 3514 m.
504 3465 527 3513 l.
602 3464 645 3513 21.
665 3456 708 3530 δέ]
729 3455 761 3513 δὲ
781 3456 875 3513 αὐτῶν
894 3456 965 3515 ἔστω
984 3458 1018 3514 V.
