2340 3818
105 164 172 228 274
477 161 679 216 ΣΤΟΙΧΕΙΩΝ
697 157 746 231 ιγ’.

103 312 144 395 τῇ
173 303 239 374 ὑπὸ
263 313 372 374 ΒΕΓ.
417 302 515 390 κοινὴ
544 303 581 372 δὲ
608 308 677 372 τών
701 302 765 372 δύο
788 301 975 389 τριγώνων,
1003 307 1065 372 τού
1087 329 1121 371 τε

104 419 205 481 ΒΕΓ
228 413 368 481 καὶτοῦ
393 419 506 497 ΒΕΔ,
534 411 555 497 ἡ
579 408 645 480 ὑπὸ
671 418 769 479 ΕΒΔ
795 415 915 496 γωνία·
942 408 1000 478 καὶ
1023 412 1132 496 λοιπή·

104 518 170 605 ἄρα
194 518 214 605 ή
238 519 305 588 ὑπὸ
329 526 429 586 ΒΕΔ
451 529 491 607 τῇ
515 516 581 587 ὑπὸ
606 522 702 585 ΕΓΒ
725 519 818 586 ἐστιν
842 525 911 603 ἴση·
940 514 1121 601 ἰσογώνιον

104 623 169 711 ἄρα
193 626 263 693 ἐστὶ
284 628 322 695 τὸ
348 633 447 693 ΕΒΔ
469 629 636 713 τρίγωνον
659 628 705 718 τῷ
729 628 830 692 ΕΒΓ
847 622 1011 715 τριγώνῳ.
1043 619 1121 689 ἄνοι’-

68 738 207 818 5λογον
234 730 301 819 ἄρα
328 732 418 800 ἐστὶν
447 730 492 811 ώς
518 730 539 817 ἡ
565 739 631 799 ΔΒ
661 733 746 818 πρὸς
771 732 833 816 τήν
856 737 936 815 ΒΕ,
968 727 1076 808 οὕτως
1100 725 1121 814 ἡ

107 845 167 905 ΕΒ
190 840 274 927 πρὸς
296 837 358 925 τήν
381 844 452 907 ΒΓ.
499 846 554 923 ἴση
580 837 617 906 δὲ
640 839 660 923 ἡ
685 844 748 905 ΕΒ
770 841 809 926 τή
834 842 903 905 ΓΔ.
941 841 1034 904 ἔστιν
1058 833 1121 922 ἄρα

104 941 148 1024 ώς
172 944 193 1030 ή
217 951 282 1011 ΒΔ
303 947 389 1034 πρὸς
411 943 472 1030 τὴν
496 952 573 1029 ΔΓ,
597 941 703 1023 οὕτως
725 941 745 1029 ή
770 949 841 1012 ΔΓ
858 942 944 1029 πρὸς
965 945 1029 1028 τήν
1053 948 1119 1010 ΓΒ.

104 1055 224 1138 μείζων
249 1049 286 1118 δὲ
308 1050 329 1136 ἡ
349 1057 413 1117 ΒΔ
435 1060 493 1136 τῆς
511 1055 591 1116 ΔΓ·
624 1055 744 1136 μείζων
768 1048 833 1137 ἄρα
855 1050 912 1116 καὶ
934 1046 955 1134 ή
980 1054 1048 1116 ΔΓ
1066 1051 1119 1134 τής

104 1162 174 1223 ΓΒ.
219 1153 328 1241 ήΒΔ
355 1152 422 1243 ἄρα
449 1153 568 1224 εὐθεῖα
596 1153 702 1243 ύκρον
729 1155 786 1222 καὶ
814 1156 917 1242 μέσον
944 1152 1053 1240 λόγον
1075 1155 1120 1221 τέ·

50 1278 84 1326 10
102 1287 222 1349 τμήται
246 1258 342 1346 [κατὰ
365 1260 403 1329 τὸ
424 1267 469 1345 Γ]
476 1312 487 1346 ,
508 1260 564 1328 καὶ
586 1259 624 1330 τὸ
648 1267 761 1349 μεῖζον
780 1265 891 1349 τμήμα
910 1259 1013 1347 αὐτῆς
1032 1263 1119 1329 ἐστιν

103 1367 225 1454 ήΔΓ·
249 1367 330 1455 ὅπερ
354 1371 423 1435 ἔδει
445 1368 557 1449 δεῖξαι.
616 1410 620 1418 -

594 1573 629 1612 ι.

167 1666 256 1737 Ἐαν
279 1674 335 1749 εἰς
357 1670 505 1737 κύκλον
519 1668 778 1755 πεντάγωνον
798 1668 1044 1757 ἰσόπλευρον
1063 1672 1118 1755 ἐγ-

102 1779 249 1866 γραφῇ,
273 1776 294 1862 ἡ
317 1779 388 1844 τού
407 1775 668 1861 πενταγώνου
690 1778 839 1861 πλευρὰ
859 1775 1033 1843 δύναται
1053 1775 1119 1862 τήν

51 1896 83 1944 15
102 1908 142 1950 τε
170 1887 240 1951 τού
268 1880 469 1969 ἑξαγώνου
496 1882 560 1948 καὶ
587 1907 659 1968 τήν
686 1885 756 1949 τού
786 1880 1016 1968 δεκαγώνου
1045 1886 1118 1950 τών

103 1992 158 2069 εἰς
181 1989 250 2057 τὸν
275 1986 397 2056 αὐτὸν
420 1986 566 2056 κύκλον
591 1989 910 2076 ἐγγραφομένων.

159 2093 268 2163 Ἔστω
287 2094 409 2174 κύκλος
428 2092 445 2161 ὁ
461 2099 643 2180 ΑΒΓΔΕ,
662 2095 717 2161 καὶ
736 2099 784 2175 εἰς
801 2092 862 2163 τὸν
876 2101 1051 2163 ΑΒΓΔΕ
1067 2095 1120 2162 κύ-

101 2207 184 2266 κλον
199 2198 415 2285 πεντάγωνον
431 2200 631 2287 ἰσόπλευρον
647 2200 869 2288 ἐγγεγράφθω
883 2198 920 2268 τὸ
936 2208 1120 2269 ΑΒΓΔΕ.

102 2306 203 2390 λέγω,
223 2305 275 2372 ὅτι
294 2303 314 2391 ή
332 2309 393 2372 τοῦ
408 2312 579 2373 ΑΒΓΔΕ
594 2306 812 2392 πενταγώνου
831 2304 956 2396 πλευρὰ
979 2306 1120 2376 δύναται

49 2425 83 2474 20
102 2410 163 2496 τήν
191 2437 226 2478 τε
253 2415 314 2478 τοῦ
343 2411 513 2497 ἑξαγώνου
539 2412 596 2480 καὶ
622 2412 686 2499 τὴν
712 2417 773 2481 τοῦ
802 2414 997 2500 δεκαγώνου
1025 2423 1120 2483 πλευ-

103 2517 167 2603 ρὰν
204 2522 272 2585 τών
309 2520 356 2597 εἰς
392 2515 454 2584 τὸν
485 2524 657 2586 ΑΒΓΔΕ
691 2518 815 2587 κύκλον
849 2522 1120 2608 ἐγγραφομένων.

169 2625 336 2710 Εἰλήφθω
356 2623 420 2711 γὰρ
439 2623 476 2692 τὸ
496 2625 638 2713 κέντρον
656 2628 717 2694 τού
731 2626 857 2694 κύκλου
870 2629 908 2695 τὸ
925 2634 952 2708 Ζ
967 2641 1121 2714 σημεῖον,

102 2729 157 2796 καὶ
182 2732 411 2816 ἐπιζευχθεῖσα
434 2727 454 2817 ή
474 2739 539 2798 ΑΖ
559 2730 689 2819 διήχθω
710 2732 763 2800 ἐπὶ
780 2733 818 2801 τὸ
836 2739 876 2800 Η
889 2747 1041 2821 σημεῖον,
1064 2735 1121 2802 καὶ

103 2835 289 2923 ἐπεζεύχθω
317 2833 338 2924 ἡ
367 2844 444 2923 ΖΒ,
474 2837 530 2904 καὶ
558 2835 623 2905 ἀπὸ
651 2841 712 2906 τοῦ
740 2845 768 2905 Ζ
795 2839 848 2906 ἐπὶ
880 2839 942 2925 τὴν
970 2848 1037 2907 ΑΒ
1064 2842 1124 2909 κώ·

48 2952 82 3002 25
101 2951 200 3023 θετος
230 2953 326 3030 ήχθω
355 2942 375 3029 ή
404 2950 481 3029 ΖΘ,
508 2945 564 3011 καὶ
593 2943 724 3031 διήχθω
753 2946 805 3013 ἐπὶ
832 2947 869 3015 τὸ
892 2952 940 3031 Κ,
970 2946 1026 3014 καὶ
1051 2949 1124 3016 ἐπε-

103 3048 298 3135 ζεύχθωσαν
327 3052 365 3115 αἱ
391 3056 475 3135 ΑΚ,
502 3055 583 3135 ΚΒ,
603 3051 670 3143 ,καὶ
698 3052 800 3120 πώλιν
828 3049 893 3121 ἀπὸ
921 3055 982 3120 τοῦ
1011 3059 1040 3120 Ζ
1067 3055 1123 3122 ἐπὶ

101 3155 163 3241 τήν
192 3163 263 3223 ΑΚ
293 3154 437 3235 κάθετος
468 3153 563 3243 ήχθω
597 3154 618 3242 ή
647 3164 726 3243 ΖΛ,
757 3159 814 3226 καὶ
842 3157 972 3246 διήχθω
1001 3161 1055 3226 ἐπὶ
1083 3187 1127 3230 το

174 3357 198 3406 ε.
218 3352 310 3474 Bm}
331 3354 416 3405 ΒΕΔ
434 3351 465 3406 Ρ.
521 3352 617 3424 ΒΕΔ]
637 3356 725 3407 ΒΕΓ
740 3353 770 3407 Ρ.
825 3358 850 3409 4.
870 3349 1017 3478 ἔστιχον.
1039 3353 1074 3409 V.
1093 3422 1100 3442 x

101 3423 271 3492 5.AB]BA
310 3463 316 3477 .
373 3428 397 3476 6.
418 3425 468 3476 ΓΔ
502 3424 921 3492 Psuprascr.m.1V,AP
956 3466 961 3478 .
1022 3431 1124 3496 7.τήν

90 3493 157 3564 ΓΒ]
170 3498 225 3549 ΓΒ
242 3495 298 3566 Rq.
363 3499 389 3551 8.
411 3423 484 3568 ΔΓή
498 3494 600 3568 (prim
615 3500 666 3551 ΑΓ
680 3496 720 3565 Β,
736 3499 784 3549 ΓΔ
797 3495 832 3548 Β.
884 3501 911 3550 (λ.
928 3491 985 3563 ἄρα
1000 3491 1122 3570 εύθεῑα]
