2340 3818
97 134 142 198 24
468 135 669 187 ΣΤΟΙΧΕΙΩΝ
688 129 739 189 ια’.

98 276 321 365 παραλλήλων
354 276 445 344 ἐστὶν
478 277 620 367 ἐπιπέδῳ
654 272 674 362 ή
703 272 767 343 ἀπὸ
795 285 857 344 τοῦ
886 281 917 343 Β
943 276 996 343 ἐπὶ
1023 275 1063 345 τὸ
1088 284 1117 343 Ζ

99 383 354 470 ἐπιζευγνυμένη
378 381 504 450 εὐθεῖα.

163 486 242 556 Ἐὰν
265 487 331 577 ἄρα
354 482 416 557 οἶσι
441 489 504 555 δύο
528 485 659 555 εὐθεῖαι
682 486 904 575 παράλληλοι,
934 495 1052 577 ληφθῇ
1077 488 1117 557 δὲ

99 593 152 682 ἐφ’
179 597 335 681 ἑκατέρας
358 588 470 660 αὐτῶν
492 591 636 678 τυχόντα
659 606 789 679 σημεῖα,
813 589 834 678 ἡ
858 592 911 659 ἐπὶ
934 591 974 659 τὰ
994 607 1114 680 σημεῖα

64 720 79 768 5
101 701 358 788 ἐπιζευγνυμένη
387 695 504 766 εὐθεῖα
533 700 569 766 έν
591 701 637 791 τῷ
666 697 755 789 αὐτῷ
785 699 927 788 ἐπιπέδῳ
952 700 1020 766 ἐστὶ
1043 712 1116 778 ταῖς

99 808 337 896 παραλλήλοις·
362 801 442 890 ὅπερ
467 807 534 871 ἔδει
559 806 672 884 δείξαι.

585 1008 629 1066 η.

163 1104 252 1174 Ἐδιν
290 1094 361 1172 ὦσι
398 1103 469 1172 δύο
508 1101 667 1171 εὐθεῖαι
704 1104 968 1192 παράλληλοι,
1009 1104 1030 1191 ἡ
1071 1107 1116 1174 δέ

99 1215 217 1300 ἑτέρα
246 1208 375 1279 αὐτῶν
399 1212 570 1303 ἐπιπέδῳ
599 1210 679 1277 τινὶ
706 1210 805 1294 πρὸς
832 1209 957 1299 ὀρθὰς
978 1203 1016 1300 ή,
1046 1212 1116 1280 καλ

49 1317 122 1405 1οή
147 1316 266 1403 λοιπή
290 1322 339 1410 τῷ
364 1315 467 1409 αὐτῷ
492 1317 661 1408 ἐπιπέδῳ
685 1315 780 1404 πρὸς
804 1314 928 1404 ὀρθὰς
952 1321 1071 1386 ἐσται.

155 1423 332 1492 Ἔστωσαν
365 1424 427 1492 δύο
457 1421 590 1491 εὐθεῖαι
623 1424 829 1511 παράλληλοι
860 1427 898 1490 αί
922 1431 1005 1509 ΑΒ,
1032 1429 1117 1509 ΓΔ,

99 1530 119 1618 ή
152 1530 190 1598 δέ
222 1531 316 1617 ἑτέρα
350 1527 462 1598 αὐτῶν
494 1526 515 1614 ἡ
549 1537 613 1595 ΑΒ
654 1533 699 1622 τῷ
732 1527 939 1620 ὑποκειμένῳ
972 1529 1117 1619 ἐπιπέδῳ

99 1635 182 1723 πρὸς
205 1632 312 1723 ὀρθὰς
341 1641 437 1703 ἔστω·
465 1637 565 1721 λέγω,
596 1633 646 1702 ὅτι
673 1642 729 1702 καί
756 1633 777 1719 ή
807 1634 906 1721 λοιπὴ
935 1632 1045 1721 ήΓΔ
1068 1639 1117 1726 τῷ

100 1741 190 1835 αὐτῷ
214 1744 357 1833 ἐπιπέδῳ
381 1740 465 1830 πρὸς
489 1739 595 1826 ὀρθὰς
619 1747 718 1808 ἔσται.

50 1869 81 1916 15
168 1850 459 1936 Συμβαλλέτωσαν
487 1846 551 1933 γὰρ
576 1851 612 1914 αί
633 1855 720 1933 ΑΒ,
743 1854 809 1916 ΓΔ
839 1851 884 1937 τῷ
908 1845 1118 1938 ὑποκειμένῳ

100 1951 242 2045 ἐπιπέδῳ
265 1953 348 2022 κατὰ
370 1952 411 2021 τὰ
431 1961 475 2039 Β,
499 1961 533 2020 Δ
552 1967 686 2039 σημεῖα,
709 1954 764 2020 καί
788 1951 974 2040 ἐπεζεύχθω
994 1950 1014 2040 ή
1034 1960 1119 2020 ΒΔ·

100 2065 137 2126 αί
162 2069 243 2145 ΑΒ,
272 2066 352 2146 ΓΔ,
381 2069 450 2127 ΒΔ
476 2059 541 2147 ἄρα
565 2062 602 2127 ἐν
631 2061 685 2127 ἑνί
710 2064 796 2127 είσιν
820 2061 972 2151 ἐπιπέδῳ.
1018 2058 1118 2146 ἤχθω

100 2170 139 2253 τῇ
159 2172 227 2232 ΒΑ
250 2164 333 2252 πρὸς
357 2163 465 2254 ὀρθὰς
489 2168 589 2256 ἐντῷ
608 2162 815 2256 ὑποκειμένῳ
835 2166 977 2257 ἐπιπέδῳ
997 2162 1018 2251 ή
1035 2173 1120 2250 ΔΕ,

100 2273 155 2338 καὶ
178 2277 304 2338 κείσθω
328 2275 367 2358 πή
392 2278 461 2336 ΑΒ
486 2278 541 2355 ίση
564 2267 585 2355 ἡ
611 2277 695 2355 ΔΕ,
722 2271 778 2337 καὶ
805 2268 1058 2358 ἐπεζεύχθωσαν
1082 2274 1122 2360 αί

47 2401 81 2448 20
100 2385 182 2462 ΒΕ,
207 2382 290 2462 ΑΒ,
314 2383 394 2443 ΑΔ.
439 2375 494 2441 καὶ
523 2375 593 2442 ἐπεὶ
620 2373 641 2461 ἡ
666 2384 733 2443 ΑΒ
757 2375 845 2465 ὀρθή
874 2379 943 2444 ἐστι
970 2375 1055 2464 πρὸς
1077 2374 1116 2446 τὰ

100 2481 324 2569 ὑποκείμενον
347 2483 516 2565 ἐπίπεδον,
539 2482 595 2548 καὶ
618 2481 701 2568 πρὸς
723 2483 831 2562 πάσας
853 2481 919 2570 ἄρα
937 2481 996 2563 τὰς
1019 2480 1120 2551 ἁπτο-

101 2591 202 2675 μένας
224 2588 327 2673 αὐτής
349 2583 484 2665 εὐθείας
506 2587 561 2654 καὶ
582 2585 685 2666 οὔσας
704 2592 740 2656 έν
759 2592 804 2680 τῳ
823 2586 1029 2680 ὑποκειμένῳ
1049 2590 1120 2656 ἐπι-

52 2756 54 2762 .
100 2696 191 2784 πέδῳ
214 2691 297 2780 πρὸς
321 2689 428 2780 ὀρθάς
451 2694 542 2759 ἐστιν
564 2690 585 2779 ή
604 2703 683 2761 ΑΒ·
708 2692 796 2782 ὀρθή
821 2693 886 2782 ἄρα
907 2695 1024 2778 [ἐστὶν]
1045 2695 1120 2762 ἐκα-

100 2801 179 2888 τέρα
210 2803 280 2867 τῶν
311 2795 376 2865 ὑπὸ
406 2805 528 2885 ΑΒΔ,
562 2806 666 2867 ΑΒΕ
697 2804 839 2886 γωνιῶν.
890 2802 945 2867 καὶ
974 2801 1043 2868 ἐπεὶ
1072 2805 1121 2880 είς

48 2929 82 2978 25
101 2904 336 2994 παραλλήλους
358 2901 416 2983 τὰς
430 2912 513 2990 ΑΒ,
528 2912 561 2973 Γ
568 2916 601 2972 Δ
623 2903 741 2973 εὐθεῖα
764 2907 974 2992 ἐμπέπτωκεν
996 2905 1120 2998 ἡΒΔι

101 3016 139 3080 αί
165 3011 231 3099 ἄρα
260 3007 328 3079 ὑπὸ
352 3017 472 3096 ΑΒΔ,
502 3018 602 3079 ΓΔΒ
629 3017 750 3098 γωνίαι
779 3013 878 3080 δυσὶν
902 3011 1024 3101 ὀρθαῖς
1048 3020 1120 3080 ίσαι

102 3124 196 3186 εἰσίν.
243 3114 332 3203 ὀρθή
367 3117 404 3185 δέ
431 3117 451 3206 ή
480 3116 545 3187 ὑπὸ
575 3125 692 3186 ΑΒΔ·
721 3115 810 3205 ὀρθή
839 3117 904 3208 ἄρα
927 3119 981 3186 καὶ
1004 3116 1027 3205 ή
1050 3116 1117 3186 ὑπὸ

102 3231 202 3293 ΓΔΒ
212 3245 219 3260 ·
250 3220 271 3310 ή
301 3229 368 3291 ΓΔ
397 3223 463 3313 ίίρα
490 3223 572 3312 πρὸς
600 3224 663 3311 τήν
693 3231 761 3292 ΒΔ
788 3223 876 3312 ὀρθή
911 3226 1009 3293 ἐστιν.
1062 3225 1120 3291 καὶ

173 3390 198 3439 3.
218 3374 284 3438 ὦσιν
303 3383 364 3438 ΡΒ.
437 3389 462 3439 8.
483 3376 550 3438 ὦσιν
569 3383 626 3438 PB.
699 3376 962 3456 ήδέ]ήδέήδλ.
1042 3376 1119 3456 δή]

772 3473 825 3508 πιπ

102 3473 156 3511 om.
171 3456 205 3511 V.
237 3523 238 3526 Ἴ
265 3460 307 3510 10.
328 3450 399 3525 πρὸς
412 3449 505 3523 ὀρθὰς
521 3452 598 3508 ἔσται
612 3455 649 3529 τῷ
665 3449 770 3527 αὑτῷέ
828 3453 883 3527 έδῳ
896 3457 923 3510 b.
990 3457 1121 3511 12.Ante
