<?xml version="1.0" encoding="UTF-8"?>
<!DOCTYPE html PUBLIC "-//W3C//DTD XHTML 1.0 Transitional//EN"
    "http://www.w3.org/TR/xhtml1/DTD/xhtml1-transitional.dtd">
<html xmlns="http://www.w3.org/1999/xhtml" xml:lang="en" lang="en">
 <head>
  <title>
</title>
<meta http-equiv="Content-Type" content="text/html;charset=utf-8" />
  <meta name='ocr-system' content='tesseract 3.04.00' />
  <meta name='ocr-capabilities' content='ocr_page ocr_carea ocr_par ocr_line ocrx_word'/>
</head>
<body>
  <div class='ocr_page' id='page_1' title='image "./euclidisoperaom04unkngoog_0420.png"; bbox 0 0 2340 3818; ppageno 0'>
   <div class='ocr_carea' id='block_1_1' title="bbox 467 155 1090 219">
    <p class='ocr_par' dir='ltr' id='par_1_1' title="bbox 467 155 1090 219">
     <span class='ocr_line' id='line_1_1' title="bbox 467 155 1090 219; baseline -0.002 -13"><span class='ocrx_word' id='word_1_1' title='bbox 467 157 650 208; x_wconf 77' lang='lat' dir='ltr'><strong>APPENDIX</strong></span> <span class='ocrx_word' id='word_1_2' title='bbox 668 158 703 210; x_wconf 84' lang='lat'><strong><em>11.</em></strong></span> <span class='ocrx_word' id='word_1_3' title='bbox 1026 155 1090 219; x_wconf 71' lang='lat'><strong><em>387</em></strong></span> 
     </span>
    </p>
   </div>
   <div class='ocr_carea' id='block_1_2' title="bbox 71 293 1140 3035">
    <p class='ocr_par' dir='ltr' id='par_1_2' title="bbox 73 293 1091 491">
     <span class='ocr_line' id='line_1_2' title="bbox 73 293 1091 384; baseline 0.002 -20"><span class='ocrx_word' id='word_1_4' title='bbox 73 293 175 382; x_wconf 82' lang='grc' dir='ltr'><strong><em>ὅμοια</em></strong></span> <span class='ocrx_word' id='word_1_5' title='bbox 193 295 249 364; x_wconf 80' lang='grc' dir='ltr'><strong><em>καὶ</em></strong></span> <span class='ocrx_word' id='word_1_6' title='bbox 268 295 392 382; x_wconf 84' lang='grc' dir='ltr'><strong><em>ὁμοίως</em></strong></span> <span class='ocrx_word' id='word_1_7' title='bbox 405 301 540 383; x_wconf 81' lang='grc' dir='ltr'><strong><em>κείμενα</em></strong></span> <span class='ocrx_word' id='word_1_8' title='bbox 555 295 670 382; x_wconf 82' lang='grc' dir='ltr'><strong><em>στερεὰ</em></strong></span> <span class='ocrx_word' id='word_1_9' title='bbox 685 302 997 384; x_wconf 77' lang='grc' dir='ltr'><strong><em>παραλληλεπίπεδα</em></strong></span> <span class='ocrx_word' id='word_1_10' title='bbox 1011 296 1091 366; x_wconf 80' lang='grc' dir='ltr'><strong><em>νἰνοί-</em></strong></span> 
     </span>
     <span class='ocr_line' id='line_1_3' title="bbox 73 393 802 491; baseline 0 -22"><span class='ocrx_word' id='word_1_11' title='bbox 73 409 178 488; x_wconf 81' lang='grc' dir='ltr'><strong><em>λογον</em></strong></span> <span class='ocrx_word' id='word_1_12' title='bbox 200 393 238 491; x_wconf 78' lang='grc' dir='ltr'><strong><em>ᾗ,</em></strong></span> <span class='ocrx_word' id='word_1_13' title='bbox 262 402 318 469; x_wconf 77' lang='grc' dir='ltr'><strong><em>καὶ</em></strong></span> <span class='ocrx_word' id='word_1_14' title='bbox 342 393 440 469; x_wconf 85' lang='grc' dir='ltr'><strong><em>αὗται</em></strong></span> <span class='ocrx_word' id='word_1_15' title='bbox 464 399 636 487; x_wconf 74' lang='grc' dir='ltr'><strong><em>ἀνάλογον</em></strong></span> <span class='ocrx_word' id='word_1_16' title='bbox 660 406 802 469; x_wconf 83' lang='grc' dir='ltr'><strong><em>ἔσονται.</em></strong></span> 
     </span>
    </p>

    <p class='ocr_par' dir='ltr' id='par_1_3' title="bbox 71 506 1140 3035">
     <span class='ocr_line' id='line_1_4' title="bbox 141 506 1090 595; baseline 0.003 -21"><span class='ocrx_word' id='word_1_17' title='bbox 141 513 292 576; x_wconf 80' lang='grc' dir='ltr'><strong><em>ἔστωσαν</em></strong></span> <span class='ocrx_word' id='word_1_18' title='bbox 320 507 569 594; x_wconf 77' lang='grc' dir='ltr'><strong><em>ὁσαιδηποτοῦν</em></strong></span> <span class='ocrx_word' id='word_1_19' title='bbox 597 506 729 576; x_wconf 75' lang='grc' dir='ltr'><strong><em>εὐθεῖαι</em></strong></span> <span class='ocrx_word' id='word_1_20' title='bbox 756 506 926 594; x_wconf 76' lang='grc' dir='ltr'><strong><em>ἀνάλογον</em></strong></span> <span class='ocrx_word' id='word_1_21' title='bbox 959 509 979 595; x_wconf 82' lang='grc' dir='ltr'><em>ἡ</em></span> <span class='ocrx_word' id='word_1_22' title='bbox 1010 517 1090 594; x_wconf 87' lang='grc' dir='ltr'><strong><em>ΑΒ,</em></strong></span> 
     </span>
     <span class='ocr_line' id='line_1_5' title="bbox 73 611 1091 702; baseline 0.002 -21"><span class='ocrx_word' id='word_1_23' title='bbox 73 620 151 699; x_wconf 86' lang='grc' dir='ltr'><strong><em>ΓΔ,</em></strong></span> <span class='ocrx_word' id='word_1_24' title='bbox 183 623 262 700; x_wconf 88' lang='grc' dir='ltr'><strong><em>ΕΖ,</em></strong></span> <span class='ocrx_word' id='word_1_25' title='bbox 291 621 374 698; x_wconf 98' lang='grc' dir='ltr'><strong><em>ΗΘ,</em></strong></span> <span class='ocrx_word' id='word_1_26' title='bbox 407 611 452 693; x_wconf 75' lang='grc' dir='ltr'><strong><em>ὡς</em></strong></span> <span class='ocrx_word' id='word_1_27' title='bbox 480 611 501 700; x_wconf 82' lang='grc' dir='ltr'><em>ἡ</em></span> <span class='ocrx_word' id='word_1_28' title='bbox 529 621 595 681; x_wconf 87' lang='grc' dir='ltr'><strong><em>ΑΒ</em></strong></span> <span class='ocrx_word' id='word_1_29' title='bbox 622 614 707 702; x_wconf 83' lang='grc' dir='ltr'><strong><em>πρὸς</em></strong></span> <span class='ocrx_word' id='word_1_30' title='bbox 734 620 812 701; x_wconf 85' lang='grc' dir='ltr'><strong><em>ΓΛ,</em></strong></span> <span class='ocrx_word' id='word_1_31' title='bbox 845 612 951 695; x_wconf 76' lang='grc' dir='ltr'><strong><em>οὕτως</em></strong></span> <span class='ocrx_word' id='word_1_32' title='bbox 979 613 999 702; x_wconf 82' lang='grc' dir='ltr'>ἡ</span> <span class='ocrx_word' id='word_1_33' title='bbox 1030 624 1091 683; x_wconf 98' lang='grc' dir='ltr'>ΕΖ</span> 
     </span>
     <span class='ocr_line' id='line_1_6' title="bbox 72 719 1091 809; baseline 0.004 -23"><span class='ocrx_word' id='word_1_34' title='bbox 72 720 157 806; x_wconf 85' lang='grc' dir='ltr'><strong><em>πρὸς</em></strong></span> <span class='ocrx_word' id='word_1_35' title='bbox 180 728 266 807; x_wconf 91' lang='grc' dir='ltr'><strong><em>ΗΘ,</em></strong></span> <span class='ocrx_word' id='word_1_36' title='bbox 297 721 352 789; x_wconf 80' lang='grc' dir='ltr'><strong><em>καὶ</em></strong></span> <span class='ocrx_word' id='word_1_37' title='bbox 379 720 630 807; x_wconf 78' lang='grc' dir='ltr'><strong><em>ἀναγεγράφθω</em></strong></span> <span class='ocrx_word' id='word_1_38' title='bbox 659 719 718 808; x_wconf 77' lang='grc' dir='ltr'><strong><em>ἀφ’</em></strong></span> <span class='ocrx_word' id='word_1_39' title='bbox 750 721 889 808; x_wconf 80' lang='grc' dir='ltr'><em>ἑκάστης</em></span> <span class='ocrx_word' id='word_1_40' title='bbox 917 726 984 790; x_wconf 79' lang='grc' dir='ltr'><strong><em>των</em></strong></span> <span class='ocrx_word' id='word_1_41' title='bbox 1009 730 1091 809; x_wconf 82' lang='grc' dir='ltr'><strong><em>ΑΒ,</em></strong></span> 
     </span>
     <span class='ocr_line' id='line_1_7' title="bbox 74 824 1091 917; baseline 0.001 -22"><span class='ocrx_word' id='word_1_42' title='bbox 74 833 152 913; x_wconf 88' lang='grc' dir='ltr'><strong><em>ΓΔ,</em></strong></span> <span class='ocrx_word' id='word_1_43' title='bbox 177 835 254 913; x_wconf 88' lang='grc' dir='ltr'><strong><em>ΕΖ,</em></strong></span> <span class='ocrx_word' id='word_1_44' title='bbox 277 833 346 895; x_wconf 91' lang='grc' dir='ltr'><strong><em>ΗΘ</em></strong></span> <span class='ocrx_word' id='word_1_45' title='bbox 369 825 468 913; x_wconf 82' lang='grc' dir='ltr'><strong><em>ὅμοια</em></strong></span> <span class='ocrx_word' id='word_1_46' title='bbox 491 827 547 894; x_wconf 80' lang='grc' dir='ltr'><strong><em>καὶ</em></strong></span> <span class='ocrx_word' id='word_1_47' title='bbox 571 824 694 913; x_wconf 84' lang='grc' dir='ltr'><strong><em>ὁμοίως</em></strong></span> <span class='ocrx_word' id='word_1_48' title='bbox 716 833 851 915; x_wconf 85' lang='grc' dir='ltr'><strong><em>κείμενα</em></strong></span> <span class='ocrx_word' id='word_1_49' title='bbox 875 826 992 917; x_wconf 79' lang='grc' dir='ltr'><strong><em>στερεὰ</em></strong></span> <span class='ocrx_word' id='word_1_50' title='bbox 1010 853 1091 916; x_wconf 85' lang='grc' dir='ltr'><strong><em>παρ-</em></strong></span> 
     </span>
     <span class='ocr_line' id='line_1_8' title="bbox 72 931 1092 1020; baseline 0.001 -20"><span class='ocrx_word' id='word_1_51' title='bbox 72 936 318 1019; x_wconf 86' lang='grc' dir='ltr'><strong><em>αλληλεπίπεδα</em></strong></span> <span class='ocrx_word' id='word_1_52' title='bbox 349 931 389 1000; x_wconf 82' lang='grc' dir='ltr'><strong><em>τὰ</em></strong></span> <span class='ocrx_word' id='word_1_53' title='bbox 420 939 506 1016; x_wconf 88' lang='grc' dir='ltr'><strong><em>ΑΚ,</em></strong></span> <span class='ocrx_word' id='word_1_54' title='bbox 538 939 613 1018; x_wconf 91' lang='grc' dir='ltr'><strong><em>ΓΛ,</em></strong></span> <span class='ocrx_word' id='word_1_55' title='bbox 647 940 736 1019; x_wconf 91' lang='grc' dir='ltr'><strong><em>ΕΜ,</em></strong></span> <span class='ocrx_word' id='word_1_56' title='bbox 767 941 851 1002; x_wconf 84' lang='grc' dir='ltr'><strong><em>ΗΝ.</em></strong></span> <span class='ocrx_word' id='word_1_57' title='bbox 906 936 1007 1020; x_wconf 81' lang='grc' dir='ltr'><strong><em>λέγω,</em></strong></span> <span class='ocrx_word' id='word_1_58' title='bbox 1040 932 1092 1002; x_wconf 84' lang='grc' dir='ltr'><strong><em>ὅτι</em></strong></span> 
     </span>
     <span class='ocr_line' id='line_1_9' title="bbox 73 1037 1092 1127; baseline 0.002 -20"><span class='ocrx_word' id='word_1_59' title='bbox 73 1040 165 1107; x_wconf 81' lang='grc' dir='ltr'><strong><em>ἐστὶν</em></strong></span> <span class='ocrx_word' id='word_1_60' title='bbox 189 1037 234 1119; x_wconf 79' lang='grc' dir='ltr'><strong><em>ὡς</em></strong></span> <span class='ocrx_word' id='word_1_61' title='bbox 256 1039 294 1107; x_wconf 87' lang='grc' dir='ltr'><strong><em>τὸ</em></strong></span> <span class='ocrx_word' id='word_1_62' title='bbox 314 1045 387 1106; x_wconf 87' lang='grc' dir='ltr'><strong><em>ΑΚ</em></strong></span> <span class='ocrx_word' id='word_1_63' title='bbox 409 1037 546 1125; x_wconf 85' lang='grc' dir='ltr'><strong><em>στερεὸν</em></strong></span> <span class='ocrx_word' id='word_1_64' title='bbox 569 1039 652 1127; x_wconf 87' lang='grc' dir='ltr'><strong><em>πρὸς</em></strong></span> <span class='ocrx_word' id='word_1_65' title='bbox 673 1039 711 1107; x_wconf 88' lang='grc' dir='ltr'><strong><em>τὸ</em></strong></span> <span class='ocrx_word' id='word_1_66' title='bbox 730 1045 791 1107; x_wconf 89' lang='grc' dir='ltr'><strong><em>ΓΛ</em></strong></span> <span class='ocrx_word' id='word_1_67' title='bbox 815 1041 962 1127; x_wconf 87' lang='grc' dir='ltr'><strong><em>στερεόν,</em></strong></span> <span class='ocrx_word' id='word_1_68' title='bbox 987 1039 1092 1121; x_wconf 79' lang='grc' dir='ltr'><strong><em>οὕτως</em></strong></span> 
     </span>
     <span class='ocr_line' id='line_1_10' title="bbox 71 1142 1091 1233; baseline 0.003 -21"><span class='ocrx_word' id='word_1_69' title='bbox 71 1145 110 1213; x_wconf 86' lang='grc' dir='ltr'><strong><em>τὸ</em></strong></span> <span class='ocrx_word' id='word_1_70' title='bbox 141 1152 220 1213; x_wconf 94' lang='grc' dir='ltr'>ΕΜ</span> <span class='ocrx_word' id='word_1_71' title='bbox 246 1142 381 1233; x_wconf 84' lang='grc' dir='ltr'><strong><em>στερεὸν</em></strong></span> <span class='ocrx_word' id='word_1_72' title='bbox 412 1143 495 1231; x_wconf 89' lang='grc' dir='ltr'><strong><em>πρὸς</em></strong></span> <span class='ocrx_word' id='word_1_73' title='bbox 526 1142 564 1212; x_wconf 87' lang='grc' dir='ltr'><strong><em>τὸ</em></strong></span> <span class='ocrx_word' id='word_1_74' title='bbox 593 1150 671 1212; x_wconf 90' lang='grc' dir='ltr'><strong><em>ΗΝ</em></strong></span> <span class='ocrx_word' id='word_1_75' title='bbox 699 1145 844 1232; x_wconf 91' lang='grc' dir='ltr'><strong><em>στερεόν.</em></strong></span> <span class='ocrx_word' id='word_1_76' title='bbox 895 1146 1091 1233; x_wconf 78' lang='grc' dir='ltr'><strong><em>πεποιήσθω</em></strong></span> 
     </span>
     <span class='ocr_line' id='line_1_11' title="bbox 72 1248 1092 1340; baseline 0.003 -22"><span class='ocrx_word' id='word_1_77' title='bbox 72 1251 139 1338; x_wconf 74' lang='grc' dir='ltr'><strong><em>γὰρ</em></strong></span> <span class='ocrx_word' id='word_1_78' title='bbox 168 1248 212 1330; x_wconf 81' lang='grc' dir='ltr'><strong><em>ὡς</em></strong></span> <span class='ocrx_word' id='word_1_79' title='bbox 240 1250 261 1338; x_wconf 84' lang='grc' dir='ltr'><em>ἡ</em></span> <span class='ocrx_word' id='word_1_80' title='bbox 284 1259 350 1319; x_wconf 87' lang='grc' dir='ltr'><strong><em>ΑΒ</em></strong></span> <span class='ocrx_word' id='word_1_81' title='bbox 378 1249 463 1335; x_wconf 85' lang='grc' dir='ltr'><strong><em>πρὸς</em></strong></span> <span class='ocrx_word' id='word_1_82' title='bbox 490 1249 553 1337; x_wconf 80' lang='grc' dir='ltr'><strong><em>τὴν</em></strong></span> <span class='ocrx_word' id='word_1_83' title='bbox 576 1257 654 1338; x_wconf 89' lang='grc' dir='ltr'><strong><em>ΓΔ,</em></strong></span> <span class='ocrx_word' id='word_1_84' title='bbox 683 1251 789 1332; x_wconf 80' lang='grc' dir='ltr'><strong><em>οὕτως</em></strong></span> <span class='ocrx_word' id='word_1_85' title='bbox 816 1252 839 1338; x_wconf 78' lang='grc' dir='ltr'><em>ἥ</em></span> <span class='ocrx_word' id='word_1_86' title='bbox 865 1279 900 1319; x_wconf 90' lang='grc' dir='ltr'><strong><em>τε</em></strong></span> <span class='ocrx_word' id='word_1_87' title='bbox 924 1259 987 1320; x_wconf 86' lang='grc' dir='ltr'><strong><em>ΓΔ</em></strong></span> <span class='ocrx_word' id='word_1_88' title='bbox 1009 1250 1092 1340; x_wconf 87' lang='grc' dir='ltr'><strong><em>πρὸς</em></strong></span> 
     </span>
     <span class='ocr_line' id='line_1_12' title="bbox 72 1355 1092 1447; baseline 0.001 -22"><span class='ocrx_word' id='word_1_89' title='bbox 72 1356 135 1444; x_wconf 81' lang='grc' dir='ltr'><strong><em>τὴν</em></strong></span> <span class='ocrx_word' id='word_1_90' title='bbox 159 1359 264 1433; x_wconf 64' lang='lat' dir='ltr'><strong><em>Exul</em></strong></span> <span class='ocrx_word' id='word_1_91' title='bbox 292 1355 313 1444; x_wconf 83' lang='grc' dir='ltr'><em>ἡ</em></span> <span class='ocrx_word' id='word_1_92' title='bbox 336 1357 470 1446; x_wconf 77' lang='grc' dir='ltr'><strong><em>Ξπρδς</em></strong></span> <span class='ocrx_word' id='word_1_93' title='bbox 497 1356 558 1443; x_wconf 77' lang='grc' dir='ltr'><strong><em>τὴν</em></strong></span> <span class='ocrx_word' id='word_1_94' title='bbox 584 1364 620 1425; x_wconf 88' lang='grc'><strong><em>0.</em></strong></span> <span class='ocrx_word' id='word_1_95' title='bbox 666 1355 712 1437; x_wconf 81' lang='grc' dir='ltr'><strong><em>ως</em></strong></span> <span class='ocrx_word' id='word_1_96' title='bbox 739 1357 804 1445; x_wconf 71' lang='grc' dir='ltr'><strong><em>ἄρα</em></strong></span> <span class='ocrx_word' id='word_1_97' title='bbox 827 1355 848 1445; x_wconf 77' lang='grc' dir='ltr'><em>ἡ</em></span> <span class='ocrx_word' id='word_1_98' title='bbox 872 1359 985 1445; x_wconf 75' lang='grc' dir='ltr'><strong><em>πρώτη</em></strong></span> <span class='ocrx_word' id='word_1_99' title='bbox 1009 1357 1092 1447; x_wconf 89' lang='grc' dir='ltr'><strong><em>πρὸς</em></strong></span> 
     </span>
     <span class='ocr_line' id='line_1_13' title="bbox 72 1461 1092 1551; baseline 0.001 -21"><span class='ocrx_word' id='word_1_100' title='bbox 72 1464 135 1549; x_wconf 81' lang='grc' dir='ltr'><strong><em>τὴν</em></strong></span> <span class='ocrx_word' id='word_1_101' title='bbox 163 1463 337 1551; x_wconf 78' lang='grc' dir='ltr'><strong><em>τετάρτην,</em></strong></span> <span class='ocrx_word' id='word_1_102' title='bbox 364 1465 535 1532; x_wconf 83' lang='grc' dir='ltr'><strong><em>τουτέστιν</em></strong></span> <span class='ocrx_word' id='word_1_103' title='bbox 562 1461 583 1550; x_wconf 82' lang='grc' dir='ltr'><em>ἡ</em></span> <span class='ocrx_word' id='word_1_104' title='bbox 612 1470 678 1530; x_wconf 88' lang='grc' dir='ltr'><strong><em>ΑΒ</em></strong></span> <span class='ocrx_word' id='word_1_105' title='bbox 705 1463 789 1549; x_wconf 88' lang='grc' dir='ltr'><strong><em>πρὸς</em></strong></span> <span class='ocrx_word' id='word_1_106' title='bbox 815 1462 878 1549; x_wconf 81' lang='grc' dir='ltr'><strong><em>τὴν</em></strong></span> <span class='ocrx_word' id='word_1_107' title='bbox 909 1471 952 1549; x_wconf 94' lang='grc'><strong><em>0,</em></strong></span> <span class='ocrx_word' id='word_1_108' title='bbox 987 1462 1092 1543; x_wconf 75' lang='grc' dir='ltr'><strong><em>οὕτως</em></strong></span> 
     </span>
     <span class='ocr_line' id='line_1_14' title="bbox 72 1567 1140 1656; baseline 0 -20"><span class='ocrx_word' id='word_1_109' title='bbox 72 1568 111 1638; x_wconf 86' lang='grc' dir='ltr'><strong><em>τὸ</em></strong></span> <span class='ocrx_word' id='word_1_110' title='bbox 132 1567 197 1637; x_wconf 85' lang='grc' dir='ltr'><strong><em>ιἰπὸ</em></strong></span> <span class='ocrx_word' id='word_1_111' title='bbox 211 1574 270 1656; x_wconf 80' lang='grc' dir='ltr'><strong><em>τῆς</em></strong></span> <span class='ocrx_word' id='word_1_112' title='bbox 283 1569 426 1656; x_wconf 78' lang='grc' dir='ltr'><strong><em>πρώτης,</em></strong></span> <span class='ocrx_word' id='word_1_113' title='bbox 449 1571 598 1637; x_wconf 83' lang='grc' dir='ltr'><strong><em>τουτέστι</em></strong></span> <span class='ocrx_word' id='word_1_114' title='bbox 620 1569 658 1636; x_wconf 90' lang='grc' dir='ltr'><strong><em>τὸ</em></strong></span> <span class='ocrx_word' id='word_1_115' title='bbox 677 1576 758 1654; x_wconf 86' lang='grc' dir='ltr'><strong><em>ΑΚ,</em></strong></span> <span class='ocrx_word' id='word_1_116' title='bbox 782 1568 865 1654; x_wconf 87' lang='grc' dir='ltr'><strong><em>πρὸς</em></strong></span> <span class='ocrx_word' id='word_1_117' title='bbox 887 1568 925 1637; x_wconf 88' lang='grc' dir='ltr'><strong><em>τὸ</em></strong></span> <span class='ocrx_word' id='word_1_118' title='bbox 951 1567 1014 1637; x_wconf 81' lang='grc' dir='ltr'><strong><em>ἀπὸ</em></strong></span> <span class='ocrx_word' id='word_1_119' title='bbox 1034 1573 1092 1655; x_wconf 81' lang='grc' dir='ltr'><strong><em>τῆς</em></strong></span> <span class='ocrx_word' id='word_1_120' title='bbox 1139 1570 1140 1575; x_wconf 63' lang='grc'>’</span> 
     </span>
     <span class='ocr_line' id='line_1_15' title="bbox 74 1673 1091 1763; baseline -0.001 -20"><span class='ocrx_word' id='word_1_121' title='bbox 74 1677 246 1763; x_wconf 88' lang='grc' dir='ltr'><strong><em>δευτέρας,</em></strong></span> <span class='ocrx_word' id='word_1_122' title='bbox 264 1676 413 1743; x_wconf 90' lang='grc' dir='ltr'><strong><em>τουτέστι</em></strong></span> <span class='ocrx_word' id='word_1_123' title='bbox 431 1673 469 1743; x_wconf 87' lang='grc' dir='ltr'><strong><em>τὸ</em></strong></span> <span class='ocrx_word' id='word_1_124' title='bbox 488 1681 560 1742; x_wconf 90' lang='grc' dir='ltr'><strong><em>ΓΛ·</em></strong></span> <span class='ocrx_word' id='word_1_125' title='bbox 584 1673 630 1755; x_wconf 76' lang='grc' dir='ltr'><strong><em>ὡς</em></strong></span> <span class='ocrx_word' id='word_1_126' title='bbox 649 1675 686 1742; x_wconf 77' lang='grc' dir='ltr'><strong><em>δὲ</em></strong></span> <span class='ocrx_word' id='word_1_127' title='bbox 704 1673 725 1760; x_wconf 79' lang='grc' dir='ltr'><em>ἡ</em></span> <span class='ocrx_word' id='word_1_128' title='bbox 745 1682 807 1741; x_wconf 90' lang='grc' dir='ltr'>ΕΖ</span> <span class='ocrx_word' id='word_1_129' title='bbox 826 1675 910 1762; x_wconf 88' lang='grc' dir='ltr'><strong><em>πρὸς</em></strong></span> <span class='ocrx_word' id='word_1_130' title='bbox 927 1675 989 1761; x_wconf 82' lang='grc' dir='ltr'><strong><em>τὴν</em></strong></span> <span class='ocrx_word' id='word_1_131' title='bbox 1007 1682 1091 1761; x_wconf 92' lang='grc' dir='ltr'><strong><em>ΗΘ,</em></strong></span> 
     </span>
     <span class='ocr_line' id='line_1_16' title="bbox 74 1777 1091 1867; baseline -0.003 -17"><span class='ocrx_word' id='word_1_132' title='bbox 74 1780 182 1861; x_wconf 79' lang='grc' dir='ltr'><strong><em>οὕτως</em></strong></span> <span class='ocrx_word' id='word_1_133' title='bbox 208 1781 230 1866; x_wconf 80' lang='grc' dir='ltr'><em>ἥ</em></span> <span class='ocrx_word' id='word_1_134' title='bbox 257 1807 292 1848; x_wconf 89' lang='grc' dir='ltr'><strong><em>τε</em></strong></span> <span class='ocrx_word' id='word_1_135' title='bbox 315 1786 383 1847; x_wconf 92' lang='grc' dir='ltr'><strong><em>ΗΘ</em></strong></span> <span class='ocrx_word' id='word_1_136' title='bbox 409 1779 493 1867; x_wconf 86' lang='grc' dir='ltr'><strong><em>πρὸς</em></strong></span> <span class='ocrx_word' id='word_1_137' title='bbox 519 1779 582 1865; x_wconf 81' lang='grc' dir='ltr'><strong><em>τὴν</em></strong></span> <span class='ocrx_word' id='word_1_138' title='bbox 610 1788 648 1847; x_wconf 92' lang='grc' dir='ltr'><strong><em>Π</em></strong></span> <span class='ocrx_word' id='word_1_139' title='bbox 672 1780 727 1846; x_wconf 80' lang='grc' dir='ltr'><strong><em>καὶ</em></strong></span> <span class='ocrx_word' id='word_1_140' title='bbox 755 1777 776 1866; x_wconf 83' lang='grc' dir='ltr'><em>ἡ</em></span> <span class='ocrx_word' id='word_1_141' title='bbox 800 1787 837 1846; x_wconf 92' lang='grc' dir='ltr'><em>Π</em></span> <span class='ocrx_word' id='word_1_142' title='bbox 861 1778 944 1866; x_wconf 85' lang='grc' dir='ltr'><strong><em>πρὸς</em></strong></span> <span class='ocrx_word' id='word_1_143' title='bbox 971 1779 1033 1866; x_wconf 80' lang='grc' dir='ltr'><strong><em>τὴν</em></strong></span> <span class='ocrx_word' id='word_1_144' title='bbox 1057 1789 1091 1848; x_wconf 90' lang='grc' dir='ltr'><strong><em>Ρ.</em></strong></span> 
     </span>
     <span class='ocr_line' id='line_1_17' title="bbox 73 1884 1092 1974; baseline -0.001 -18"><span class='ocrx_word' id='word_1_145' title='bbox 73 1893 165 1956; x_wconf 80' lang='grc' dir='ltr'><strong><em>ἔστιν</em></strong></span> <span class='ocrx_word' id='word_1_146' title='bbox 189 1886 255 1973; x_wconf 74' lang='grc' dir='ltr'><strong><em>ἄρα</em></strong></span> <span class='ocrx_word' id='word_1_147' title='bbox 278 1884 323 1966; x_wconf 73' lang='grc' dir='ltr'><strong><em>ὡς</em></strong></span> <span class='ocrx_word' id='word_1_148' title='bbox 345 1884 366 1972; x_wconf 82' lang='grc' dir='ltr'><em>ἡ</em></span> <span class='ocrx_word' id='word_1_149' title='bbox 391 1893 453 1952; x_wconf 95' lang='grc' dir='ltr'>ΕΖ</span> <span class='ocrx_word' id='word_1_150' title='bbox 475 1884 559 1974; x_wconf 86' lang='grc' dir='ltr'><strong><em>πρὸς</em></strong></span> <span class='ocrx_word' id='word_1_151' title='bbox 581 1884 643 1972; x_wconf 82' lang='grc' dir='ltr'><strong><em>τὴν</em></strong></span> <span class='ocrx_word' id='word_1_152' title='bbox 666 1894 702 1972; x_wconf 93' lang='grc' dir='ltr'><strong><em>Ρ,</em></strong></span> <span class='ocrx_word' id='word_1_153' title='bbox 727 1884 832 1966; x_wconf 82' lang='grc' dir='ltr'><strong><em>οὕτως</em></strong></span> <span class='ocrx_word' id='word_1_154' title='bbox 853 1884 892 1954; x_wconf 84' lang='grc' dir='ltr'><strong><em>τὸ</em></strong></span> <span class='ocrx_word' id='word_1_155' title='bbox 913 1893 987 1953; x_wconf 95' lang='grc' dir='ltr'>ΕΜ</span> <span class='ocrx_word' id='word_1_156' title='bbox 1008 1885 1092 1974; x_wconf 84' lang='grc' dir='ltr'><strong><em>πρὸς</em></strong></span> 
     </span>
     <span class='ocr_line' id='line_1_18' title="bbox 73 1990 1091 2080; baseline 0 -20"><span class='ocrx_word' id='word_1_157' title='bbox 73 1992 135 2079; x_wconf 76' lang='grc' dir='ltr'><strong><em>τὴν</em></strong></span> <span class='ocrx_word' id='word_1_158' title='bbox 154 1999 239 2061; x_wconf 91' lang='grc' dir='ltr'><strong><em>ΗΝ.</em></strong></span> <span class='ocrx_word' id='word_1_159' title='bbox 270 1993 325 2059; x_wconf 83' lang='grc' dir='ltr'><strong><em>καὶ</em></strong></span> <span class='ocrx_word' id='word_1_160' title='bbox 350 1996 422 2061; x_wconf 81' lang='grc' dir='ltr'><strong><em>ἐπεί</em></strong></span> <span class='ocrx_word' id='word_1_161' title='bbox 438 1994 529 2060; x_wconf 79' lang='grc' dir='ltr'><strong><em>ἐστιν</em></strong></span> <span class='ocrx_word' id='word_1_162' title='bbox 553 1993 598 2072; x_wconf 82' lang='grc' dir='ltr'><strong><em>ὡς</em></strong></span> <span class='ocrx_word' id='word_1_163' title='bbox 620 1991 640 2079; x_wconf 83' lang='grc' dir='ltr'><em>ἡ</em></span> <span class='ocrx_word' id='word_1_164' title='bbox 666 2000 725 2061; x_wconf 86' lang='grc' dir='ltr'><strong><em>ΑΒ</em></strong></span> <span class='ocrx_word' id='word_1_165' title='bbox 748 1992 834 2080; x_wconf 87' lang='grc' dir='ltr'><strong><em>πρὸς</em></strong></span> <span class='ocrx_word' id='word_1_166' title='bbox 854 1992 917 2079; x_wconf 82' lang='grc' dir='ltr'><strong><em>τὴν</em></strong></span> <span class='ocrx_word' id='word_1_167' title='bbox 936 1999 1012 2078; x_wconf 89' lang='grc' dir='ltr'><strong><em>ΓΔ,</em></strong></span> <span class='ocrx_word' id='word_1_168' title='bbox 1036 1990 1091 2060; x_wconf 79' lang='grc' dir='ltr'><strong><em>οὕ-</em></strong></span> 
     </span>
     <span class='ocr_line' id='line_1_19' title="bbox 73 2096 1092 2185; baseline 0 -18"><span class='ocrx_word' id='word_1_169' title='bbox 73 2127 139 2179; x_wconf 89' lang='grc' dir='ltr'><strong><em>τως</em></strong></span> <span class='ocrx_word' id='word_1_170' title='bbox 166 2097 186 2185; x_wconf 80' lang='grc' dir='ltr'>ἡ</span> <span class='ocrx_word' id='word_1_171' title='bbox 210 2106 274 2166; x_wconf 93' lang='grc' dir='ltr'>ΕΖ</span> <span class='ocrx_word' id='word_1_172' title='bbox 301 2098 383 2185; x_wconf 87' lang='grc' dir='ltr'><strong><em>πρὸς</em></strong></span> <span class='ocrx_word' id='word_1_173' title='bbox 405 2098 466 2185; x_wconf 77' lang='grc' dir='ltr'><strong><em>τὴν</em></strong></span> <span class='ocrx_word' id='word_1_174' title='bbox 490 2106 573 2184; x_wconf 91' lang='grc' dir='ltr'><strong><em>ΗΘ,</em></strong></span> <span class='ocrx_word' id='word_1_175' title='bbox 605 2097 678 2167; x_wconf 79' lang='grc' dir='ltr'><strong><em>ἀλλ’</em></strong></span> <span class='ocrx_word' id='word_1_176' title='bbox 709 2097 754 2178; x_wconf 79' lang='grc' dir='ltr'><strong><em>ὡς</em></strong></span> <span class='ocrx_word' id='word_1_177' title='bbox 781 2098 842 2185; x_wconf 73' lang='grc' dir='ltr'><strong><em>μὲν</em></strong></span> <span class='ocrx_word' id='word_1_178' title='bbox 871 2096 980 2185; x_wconf 85' lang='grc' dir='ltr'><strong><em>ἡΑΒ</em></strong></span> <span class='ocrx_word' id='word_1_179' title='bbox 1008 2098 1092 2185; x_wconf 88' lang='grc' dir='ltr'><strong><em>πρὸς</em></strong></span> 
     </span>
     <span class='ocr_line' id='line_1_20' title="bbox 72 2201 1092 2293; baseline 0 -21"><span class='ocrx_word' id='word_1_180' title='bbox 72 2205 136 2293; x_wconf 82' lang='grc' dir='ltr'><strong><em>τὴν</em></strong></span> <span class='ocrx_word' id='word_1_181' title='bbox 159 2211 236 2290; x_wconf 87' lang='grc' dir='ltr'><strong><em>ΓΔ,</em></strong></span> <span class='ocrx_word' id='word_1_182' title='bbox 266 2203 372 2284; x_wconf 82' lang='grc' dir='ltr'><strong><em>οὕτως</em></strong></span> <span class='ocrx_word' id='word_1_183' title='bbox 398 2203 420 2291; x_wconf 77' lang='grc' dir='ltr'><strong><em>η’</em></strong></span> <span class='ocrx_word' id='word_1_184' title='bbox 447 2231 482 2272; x_wconf 89' lang='grc' dir='ltr'><strong><em>τε</em></strong></span> <span class='ocrx_word' id='word_1_185' title='bbox 505 2210 567 2271; x_wconf 89' lang='grc' dir='ltr'><strong><em>ΓΛ</em></strong></span> <span class='ocrx_word' id='word_1_186' title='bbox 589 2204 673 2289; x_wconf 86' lang='grc' dir='ltr'><strong><em>πρὸς</em></strong></span> <span class='ocrx_word' id='word_1_187' title='bbox 698 2204 761 2290; x_wconf 80' lang='grc' dir='ltr'><strong><em>την</em></strong></span> <span class='ocrx_word' id='word_1_188' title='bbox 784 2208 815 2281; x_wconf 74' lang='grc' dir='ltr'><em>Ξ</em></span> <span class='ocrx_word' id='word_1_189' title='bbox 834 2204 890 2271; x_wconf 82' lang='grc' dir='ltr'><strong><em>καὶ</em></strong></span> <span class='ocrx_word' id='word_1_190' title='bbox 913 2201 933 2290; x_wconf 80' lang='grc' dir='ltr'><em>ἡ</em></span> <span class='ocrx_word' id='word_1_191' title='bbox 958 2207 988 2281; x_wconf 80' lang='grc' dir='ltr'><strong><em>,Ξ</em></strong></span> <span class='ocrx_word' id='word_1_192' title='bbox 1008 2203 1092 2289; x_wconf 88' lang='grc' dir='ltr'><strong><em>πρὸς</em></strong></span> 
     </span>
     <span class='ocr_line' id='line_1_21' title="bbox 73 2308 1092 2398; baseline -0.002 -19"><span class='ocrx_word' id='word_1_193' title='bbox 73 2309 136 2398; x_wconf 83' lang='grc' dir='ltr'><strong><em>τὴν</em></strong></span> <span class='ocrx_word' id='word_1_194' title='bbox 161 2319 204 2395; x_wconf 92' lang='grc'><strong><em>0,</em></strong></span> <span class='ocrx_word' id='word_1_195' title='bbox 233 2309 278 2391; x_wconf 78' lang='grc' dir='ltr'><strong><em>ὡς</em></strong></span> <span class='ocrx_word' id='word_1_196' title='bbox 301 2311 338 2379; x_wconf 78' lang='grc' dir='ltr'><strong><em>δὲ</em></strong></span> <span class='ocrx_word' id='word_1_197' title='bbox 361 2309 382 2398; x_wconf 80' lang='grc' dir='ltr'><em>ἡ</em></span> <span class='ocrx_word' id='word_1_198' title='bbox 406 2318 469 2378; x_wconf 90' lang='grc' dir='ltr'>ΕΖ</span> <span class='ocrx_word' id='word_1_199' title='bbox 491 2310 576 2397; x_wconf 90' lang='grc' dir='ltr'><strong><em>πρὸς</em></strong></span> <span class='ocrx_word' id='word_1_200' title='bbox 597 2308 659 2396; x_wconf 81' lang='grc' dir='ltr'><strong><em>τὴν</em></strong></span> <span class='ocrx_word' id='word_1_201' title='bbox 682 2317 765 2396; x_wconf 90' lang='grc' dir='ltr'><strong><em>ΗΘ,</em></strong></span> <span class='ocrx_word' id='word_1_202' title='bbox 794 2308 899 2389; x_wconf 81' lang='grc' dir='ltr'><strong><em>οὕτως</em></strong></span> <span class='ocrx_word' id='word_1_203' title='bbox 922 2308 943 2396; x_wconf 79' lang='grc' dir='ltr'><strong><em>ἥ</em></strong></span> <span class='ocrx_word' id='word_1_204' title='bbox 965 2336 1000 2377; x_wconf 87' lang='grc' dir='ltr'><strong><em>τε</em></strong></span> <span class='ocrx_word' id='word_1_205' title='bbox 1024 2316 1092 2377; x_wconf 91' lang='grc' dir='ltr'><strong><em>ΗΘ</em></strong></span> 
     </span>
     <span class='ocr_line' id='line_1_22' title="bbox 73 2414 1091 2505; baseline -0.004 -19"><span class='ocrx_word' id='word_1_206' title='bbox 73 2418 158 2503; x_wconf 83' lang='grc' dir='ltr'><strong><em>πρὸς</em></strong></span> <span class='ocrx_word' id='word_1_207' title='bbox 180 2416 241 2504; x_wconf 80' lang='grc' dir='ltr'><strong><em>τὴν</em></strong></span> <span class='ocrx_word' id='word_1_208' title='bbox 261 2426 299 2484; x_wconf 93' lang='grc' dir='ltr'><em>Π</em></span> <span class='ocrx_word' id='word_1_209' title='bbox 313 2417 369 2485; x_wconf 80' lang='grc' dir='ltr'><strong><em>καὶ</em></strong></span> <span class='ocrx_word' id='word_1_210' title='bbox 392 2415 413 2503; x_wconf 79' lang='grc' dir='ltr'><em>ἡ</em></span> <span class='ocrx_word' id='word_1_211' title='bbox 433 2425 471 2484; x_wconf 93' lang='grc' dir='ltr'><em>Π</em></span> <span class='ocrx_word' id='word_1_212' title='bbox 490 2414 573 2505; x_wconf 87' lang='grc' dir='ltr'><strong><em>πρὸς</em></strong></span> <span class='ocrx_word' id='word_1_213' title='bbox 595 2415 658 2503; x_wconf 84' lang='grc' dir='ltr'><strong><em>τὴν</em></strong></span> <span class='ocrx_word' id='word_1_214' title='bbox 680 2426 717 2502; x_wconf 91' lang='grc' dir='ltr'><strong><em>Ρ,</em></strong></span> <span class='ocrx_word' id='word_1_215' title='bbox 741 2415 786 2485; x_wconf 83' lang='grc' dir='ltr'><strong><em>δι’</em></strong></span> <span class='ocrx_word' id='word_1_216' title='bbox 814 2426 890 2485; x_wconf 71' lang='grc' dir='ltr'><strong><em>ἴσον</em></strong></span> <span class='ocrx_word' id='word_1_217' title='bbox 913 2415 979 2502; x_wconf 78' lang='grc' dir='ltr'><strong><em>ἄρα</em></strong></span> <span class='ocrx_word' id='word_1_218' title='bbox 1001 2417 1091 2483; x_wconf 78' lang='grc' dir='ltr'><strong><em>ἐστὶν</em></strong></span> 
     </span>
     <span class='ocr_line' id='line_1_23' title="bbox 74 2517 1088 2612; baseline -0.004 -21"><span class='ocrx_word' id='word_1_219' title='bbox 74 2521 119 2603; x_wconf 78' lang='grc' dir='ltr'><strong><em>ὡς</em></strong></span> <span class='ocrx_word' id='word_1_220' title='bbox 143 2521 164 2609; x_wconf 77' lang='grc' dir='ltr'><em>ἡ</em></span> <span class='ocrx_word' id='word_1_221' title='bbox 183 2531 249 2590; x_wconf 87' lang='grc' dir='ltr'><strong><em>ΑΒ</em></strong></span> <span class='ocrx_word' id='word_1_222' title='bbox 268 2521 351 2612; x_wconf 84' lang='grc' dir='ltr'><strong><em>πρὸς</em></strong></span> <span class='ocrx_word' id='word_1_223' title='bbox 369 2521 430 2610; x_wconf 80' lang='grc' dir='ltr'><strong><em>τὴν</em></strong></span> <span class='ocrx_word' id='word_1_224' title='bbox 450 2530 494 2608; x_wconf 92' lang='grc'><strong><em>0,</em></strong></span> <span class='ocrx_word' id='word_1_225' title='bbox 519 2520 626 2603; x_wconf 79' lang='grc' dir='ltr'><strong><em>οὕτως</em></strong></span> <span class='ocrx_word' id='word_1_226' title='bbox 644 2519 665 2608; x_wconf 76' lang='grc' dir='ltr'><em>ἡ</em></span> <span class='ocrx_word' id='word_1_227' title='bbox 685 2529 748 2589; x_wconf 88' lang='grc' dir='ltr'><strong><em>ΕΖ</em></strong></span> <span class='ocrx_word' id='word_1_228' title='bbox 766 2521 850 2609; x_wconf 84' lang='grc' dir='ltr'><strong><em>πρὸς</em></strong></span> <span class='ocrx_word' id='word_1_229' title='bbox 868 2521 930 2608; x_wconf 82' lang='grc' dir='ltr'><strong><em>τὴν</em></strong></span> <span class='ocrx_word' id='word_1_230' title='bbox 955 2529 984 2590; x_wconf 91' lang='grc' dir='ltr'><strong><em>Ρ.</em></strong></span> <span class='ocrx_word' id='word_1_231' title='bbox 1015 2517 1088 2588; x_wconf 79' lang='grc' dir='ltr'><strong><em>ἀλλ’</em></strong></span> 
     </span>
     <span class='ocr_line' id='line_1_24' title="bbox 74 2625 1092 2717; baseline -0.004 -20"><span class='ocrx_word' id='word_1_232' title='bbox 74 2627 121 2710; x_wconf 82' lang='grc' dir='ltr'><strong><em>ὡς</em></strong></span> <span class='ocrx_word' id='word_1_233' title='bbox 152 2629 213 2715; x_wconf 74' lang='grc' dir='ltr'><strong><em>μὲν</em></strong></span> <span class='ocrx_word' id='word_1_234' title='bbox 246 2627 266 2715; x_wconf 83' lang='grc' dir='ltr'><em>ἡ</em></span> <span class='ocrx_word' id='word_1_235' title='bbox 296 2637 361 2697; x_wconf 87' lang='grc' dir='ltr'><strong><em>ΑΒ</em></strong></span> <span class='ocrx_word' id='word_1_236' title='bbox 388 2628 471 2717; x_wconf 86' lang='grc' dir='ltr'><strong><em>πρὸς</em></strong></span> <span class='ocrx_word' id='word_1_237' title='bbox 497 2628 560 2716; x_wconf 82' lang='grc' dir='ltr'><strong><em>τὴν</em></strong></span> <span class='ocrx_word' id='word_1_238' title='bbox 590 2635 631 2715; x_wconf 89' lang='lat'><strong><em>0,</em></strong></span> <span class='ocrx_word' id='word_1_239' title='bbox 664 2626 769 2708; x_wconf 77' lang='grc' dir='ltr'><strong><em>οὕτως</em></strong></span> <span class='ocrx_word' id='word_1_240' title='bbox 796 2627 834 2696; x_wconf 90' lang='grc' dir='ltr'><strong><em>τὸ</em></strong></span> <span class='ocrx_word' id='word_1_241' title='bbox 857 2633 929 2693; x_wconf 87' lang='grc' dir='ltr'><strong><em>ΑΚ</em></strong></span> <span class='ocrx_word' id='word_1_242' title='bbox 954 2625 1092 2714; x_wconf 87' lang='grc' dir='ltr'><strong><em>στερεὸν</em></strong></span> 
     </span>
     <span class='ocr_line' id='line_1_25' title="bbox 73 2730 1092 2823; baseline -0.005 -19"><span class='ocrx_word' id='word_1_243' title='bbox 73 2733 159 2822; x_wconf 86' lang='grc' dir='ltr'><strong><em>πρὸς</em></strong></span> <span class='ocrx_word' id='word_1_244' title='bbox 181 2735 218 2803; x_wconf 88' lang='grc' dir='ltr'><strong><em>τὸ</em></strong></span> <span class='ocrx_word' id='word_1_245' title='bbox 238 2741 299 2804; x_wconf 88' lang='grc' dir='ltr'><strong><em>ΓΛ</em></strong></span> <span class='ocrx_word' id='word_1_246' title='bbox 322 2735 470 2823; x_wconf 87' lang='grc' dir='ltr'><strong><em>στερεόν,</em></strong></span> <span class='ocrx_word' id='word_1_247' title='bbox 494 2734 538 2815; x_wconf 79' lang='grc' dir='ltr'><strong><em>ὦς</em></strong></span> <span class='ocrx_word' id='word_1_248' title='bbox 562 2735 598 2804; x_wconf 74' lang='grc' dir='ltr'><strong><em>δὲ</em></strong></span> <span class='ocrx_word' id='word_1_249' title='bbox 622 2733 643 2821; x_wconf 83' lang='grc' dir='ltr'><em>ἡ</em></span> <span class='ocrx_word' id='word_1_250' title='bbox 662 2741 724 2800; x_wconf 91' lang='grc' dir='ltr'>ΕΖ</span> <span class='ocrx_word' id='word_1_251' title='bbox 742 2733 825 2818; x_wconf 87' lang='grc' dir='ltr'><strong><em>πρὸς</em></strong></span> <span class='ocrx_word' id='word_1_252' title='bbox 844 2732 906 2819; x_wconf 76' lang='grc' dir='ltr'><strong><em>την</em></strong></span> <span class='ocrx_word' id='word_1_253' title='bbox 925 2740 961 2818; x_wconf 89' lang='grc' dir='ltr'><strong><em>Ρ,</em></strong></span> <span class='ocrx_word' id='word_1_254' title='bbox 986 2730 1092 2813; x_wconf 79' lang='grc' dir='ltr'><strong><em>οὕτως</em></strong></span> 
     </span>
     <span class='ocr_line' id='line_1_26' title="bbox 72 2837 1091 2930; baseline -0.002 -21"><span class='ocrx_word' id='word_1_255' title='bbox 72 2841 111 2910; x_wconf 86' lang='grc' dir='ltr'><strong><em>τὸ</em></strong></span> <span class='ocrx_word' id='word_1_256' title='bbox 143 2850 225 2910; x_wconf 91' lang='grc' dir='ltr'><strong><em>ΕΜ</em></strong></span> <span class='ocrx_word' id='word_1_257' title='bbox 254 2842 390 2930; x_wconf 80' lang='grc' dir='ltr'><strong><em>στερεὸν</em></strong></span> <span class='ocrx_word' id='word_1_258' title='bbox 423 2841 505 2930; x_wconf 87' lang='grc' dir='ltr'><strong><em>πρὸς</em></strong></span> <span class='ocrx_word' id='word_1_259' title='bbox 532 2842 569 2909; x_wconf 85' lang='grc' dir='ltr'><strong><em>τὸ</em></strong></span> <span class='ocrx_word' id='word_1_260' title='bbox 597 2847 673 2907; x_wconf 90' lang='grc' dir='ltr'><strong><em>ΗΝ</em></strong></span> <span class='ocrx_word' id='word_1_261' title='bbox 696 2841 839 2924; x_wconf 87' lang='grc' dir='ltr'><strong><em>στερεόν.</em></strong></span> <span class='ocrx_word' id='word_1_262' title='bbox 886 2837 931 2918; x_wconf 79' lang='grc' dir='ltr'><strong><em>ὡς</em></strong></span> <span class='ocrx_word' id='word_1_263' title='bbox 959 2837 1025 2926; x_wconf 75' lang='grc' dir='ltr'><strong><em>ἄρα</em></strong></span> <span class='ocrx_word' id='word_1_264' title='bbox 1053 2840 1091 2908; x_wconf 87' lang='grc' dir='ltr'><strong><em>τὸ</em></strong></span> 
     </span>
     <span class='ocr_line' id='line_1_27' title="bbox 72 2942 1092 3035; baseline -0.003 -19"><span class='ocrx_word' id='word_1_265' title='bbox 72 2955 148 3016; x_wconf 86' lang='grc' dir='ltr'><strong><em>ΑΚ</em></strong></span> <span class='ocrx_word' id='word_1_266' title='bbox 169 2948 305 3035; x_wconf 87' lang='grc' dir='ltr'><strong><em>στερεὸν</em></strong></span> <span class='ocrx_word' id='word_1_267' title='bbox 327 2947 412 3035; x_wconf 84' lang='grc' dir='ltr'><strong><em>πρὸς</em></strong></span> <span class='ocrx_word' id='word_1_268' title='bbox 434 2948 471 3016; x_wconf 87' lang='grc' dir='ltr'><strong><em>τὸ</em></strong></span> <span class='ocrx_word' id='word_1_269' title='bbox 491 2954 557 3015; x_wconf 87' lang='grc' dir='ltr'><strong><em>ΓΛ</em></strong></span> <span class='ocrx_word' id='word_1_270' title='bbox 575 2945 722 3034; x_wconf 89' lang='grc' dir='ltr'><strong><em>στερεόν,</em></strong></span> <span class='ocrx_word' id='word_1_271' title='bbox 747 2942 851 3023; x_wconf 76' lang='grc' dir='ltr'><strong><em>οὕτως</em></strong></span> <span class='ocrx_word' id='word_1_272' title='bbox 869 2942 907 3012; x_wconf 87' lang='grc' dir='ltr'><strong><em>τὸ</em></strong></span> <span class='ocrx_word' id='word_1_273' title='bbox 928 2953 1008 3012; x_wconf 89' lang='grc' dir='ltr'>ΕΜ</span> <span class='ocrx_word' id='word_1_274' title='bbox 1021 2965 1092 3014; x_wconf 88' lang='grc' dir='ltr'><strong><em>στε-</em></strong></span> 
     </span>
    </p>
   </div>
   <div class='ocr_carea' id='block_1_3' title="bbox 72 3052 1092 3458">
    <p class='ocr_par' dir='ltr' id='par_1_4' title="bbox 73 3052 592 3144">
     <span class='ocr_line' id='line_1_28' title="bbox 73 3052 592 3144; baseline -0.006 -21"><span class='ocrx_word' id='word_1_275' title='bbox 73 3054 158 3144; x_wconf 89' lang='grc' dir='ltr'><strong><em>ρεὸν</em></strong></span> <span class='ocrx_word' id='word_1_276' title='bbox 180 3055 264 3142; x_wconf 86' lang='grc' dir='ltr'><strong><em>πρὸς</em></strong></span> <span class='ocrx_word' id='word_1_277' title='bbox 286 3052 325 3124; x_wconf 88' lang='grc' dir='ltr'><strong><em>τὸ</em></strong></span> <span class='ocrx_word' id='word_1_278' title='bbox 347 3061 427 3121; x_wconf 93' lang='grc' dir='ltr'><strong><em>ΗΝ</em></strong></span> <span class='ocrx_word' id='word_1_279' title='bbox 446 3053 592 3142; x_wconf 88' lang='grc' dir='ltr'><strong><em>στερεόν.</em></strong></span> 
     </span>
    </p>

    <p class='ocr_par' dir='ltr' id='par_1_5' title="bbox 72 3153 1092 3458">
     <span class='ocr_line' id='line_1_29' title="bbox 144 3153 1092 3246; baseline -0.004 -18"><span class='ocrx_word' id='word_1_280' title='bbox 144 3165 226 3228; x_wconf 79' lang='grc' dir='ltr'><strong><em>ἔστω</em></strong></span> <span class='ocrx_word' id='word_1_281' title='bbox 256 3159 297 3246; x_wconf 82' lang='grc' dir='ltr'><strong><em>δη</em></strong></span> <span class='ocrx_word' id='word_1_282' title='bbox 328 3159 429 3227; x_wconf 80' lang='grc' dir='ltr'><strong><em>πάλιν</em></strong></span> <span class='ocrx_word' id='word_1_283' title='bbox 458 3157 504 3238; x_wconf 75' lang='grc' dir='ltr'><strong><em>ὡς</em></strong></span> <span class='ocrx_word' id='word_1_284' title='bbox 530 3157 567 3226; x_wconf 88' lang='grc' dir='ltr'><strong><em>τὸ</em></strong></span> <span class='ocrx_word' id='word_1_285' title='bbox 600 3164 670 3225; x_wconf 82' lang='grc' dir='ltr'><strong><em>ΑΚ</em></strong></span> <span class='ocrx_word' id='word_1_286' title='bbox 698 3159 834 3243; x_wconf 85' lang='grc' dir='ltr'><strong><em>στερεὸν</em></strong></span> <span class='ocrx_word' id='word_1_287' title='bbox 860 3153 943 3243; x_wconf 86' lang='grc' dir='ltr'><strong><em>πρὸς</em></strong></span> <span class='ocrx_word' id='word_1_288' title='bbox 969 3156 1007 3224; x_wconf 87' lang='grc' dir='ltr'><strong><em>τὸ</em></strong></span> <span class='ocrx_word' id='word_1_289' title='bbox 1031 3163 1092 3224; x_wconf 93' lang='grc' dir='ltr'><strong><em>ΓΛ</em></strong></span> 
     </span>
     <span class='ocr_line' id='line_1_30' title="bbox 73 3262 1092 3354; baseline -0.005 -19"><span class='ocrx_word' id='word_1_290' title='bbox 73 3267 225 3354; x_wconf 88' lang='grc' dir='ltr'><strong><em>στερεόν,</em></strong></span> <span class='ocrx_word' id='word_1_291' title='bbox 250 3265 355 3346; x_wconf 79' lang='grc' dir='ltr'><strong><em>οὕτως</em></strong></span> <span class='ocrx_word' id='word_1_292' title='bbox 377 3265 415 3333; x_wconf 88' lang='grc' dir='ltr'><strong><em>τὸ</em></strong></span> <span class='ocrx_word' id='word_1_293' title='bbox 436 3272 515 3333; x_wconf 90' lang='grc' dir='ltr'>ΕΜ</span> <span class='ocrx_word' id='word_1_294' title='bbox 534 3263 671 3351; x_wconf 83' lang='grc' dir='ltr'><strong><em>στερεὸν</em></strong></span> <span class='ocrx_word' id='word_1_295' title='bbox 689 3262 772 3350; x_wconf 85' lang='grc' dir='ltr'><strong><em>πρὸς</em></strong></span> <span class='ocrx_word' id='word_1_296' title='bbox 795 3262 832 3330; x_wconf 86' lang='grc' dir='ltr'><strong><em>τὸ</em></strong></span> <span class='ocrx_word' id='word_1_297' title='bbox 853 3267 930 3330; x_wconf 91' lang='grc' dir='ltr'><strong><em>ΗΝ</em></strong></span> <span class='ocrx_word' id='word_1_298' title='bbox 946 3263 1092 3349; x_wconf 89' lang='grc' dir='ltr'><strong><em>στερεόν.</em></strong></span> 
     </span>
     <span class='ocr_line' id='line_1_31' title="bbox 72 3366 1091 3458; baseline -0.006 -17"><span class='ocrx_word' id='word_1_299' title='bbox 72 3373 177 3458; x_wconf 81' lang='grc' dir='ltr'><strong><em>λέγω,</em></strong></span> <span class='ocrx_word' id='word_1_300' title='bbox 211 3371 262 3441; x_wconf 81' lang='grc' dir='ltr'><strong><em>ὅτι</em></strong></span> <span class='ocrx_word' id='word_1_301' title='bbox 290 3372 379 3440; x_wconf 80' lang='grc' dir='ltr'><strong><em>ἐστὶν</em></strong></span> <span class='ocrx_word' id='word_1_302' title='bbox 408 3369 453 3452; x_wconf 79' lang='grc' dir='ltr'><strong><em>ὡς</em></strong></span> <span class='ocrx_word' id='word_1_303' title='bbox 480 3369 500 3458; x_wconf 82' lang='grc' dir='ltr'><em>ἡ</em></span> <span class='ocrx_word' id='word_1_304' title='bbox 528 3378 594 3438; x_wconf 90' lang='grc' dir='ltr'><strong><em>ΑΒ</em></strong></span> <span class='ocrx_word' id='word_1_305' title='bbox 621 3368 703 3456; x_wconf 87' lang='grc' dir='ltr'><strong><em>πρὸς</em></strong></span> <span class='ocrx_word' id='word_1_306' title='bbox 730 3370 792 3456; x_wconf 79' lang='grc' dir='ltr'><strong><em>τὴν</em></strong></span> <span class='ocrx_word' id='word_1_307' title='bbox 820 3376 897 3454; x_wconf 87' lang='grc' dir='ltr'><strong><em>ΓΔ,</em></strong></span> <span class='ocrx_word' id='word_1_308' title='bbox 933 3369 1038 3448; x_wconf 78' lang='grc' dir='ltr'><strong><em>οὕτως</em></strong></span> <span class='ocrx_word' id='word_1_309' title='bbox 1070 3366 1091 3453; x_wconf 76' lang='grc' dir='ltr'><em>ἡ</em></span> 
     </span>
    </p>
   </div>
   <div class='ocr_carea' id='block_1_4' title="bbox 71 3472 1116 3627">
    <p class='ocr_par' dir='ltr' id='par_1_6' title="bbox 71 3472 1116 3627">
     <span class='ocr_line' id='line_1_32' title="bbox 71 3472 1116 3602; baseline -0.011 -53"><span class='ocrx_word' id='word_1_310' title='bbox 71 3487 140 3549; x_wconf 91' lang='grc' dir='ltr'>ΕΖ</span> <span class='ocrx_word' id='word_1_311' title='bbox 167 3479 252 3567; x_wconf 83' lang='grc' dir='ltr'><strong><em>πρὸς</em></strong></span> <span class='ocrx_word' id='word_1_312' title='bbox 277 3476 340 3566; x_wconf 79' lang='grc' dir='ltr'><strong><em>τὴν</em></strong></span> <span class='ocrx_word' id='word_1_313' title='bbox 363 3485 440 3547; x_wconf 90' lang='grc' dir='ltr'><strong><em>ΗΘ.</em></strong></span> <span class='ocrx_word' id='word_1_314' title='bbox 490 3477 687 3566; x_wconf 72' lang='grc' dir='ltr'><strong><em>πεποιήσθω</em></strong></span> <span class='ocrx_word' id='word_1_315' title='bbox 718 3475 785 3563; x_wconf 70' lang='grc' dir='ltr'><strong><em>γὰρ</em></strong></span> <span class='ocrx_word' id='word_1_316' title='bbox 815 3474 911 3557; x_wconf 47' lang='lat' dir='ltr'><strong><em>&amp;Q</em></strong></span> <span class='ocrx_word' id='word_1_317' title='bbox 936 3483 1001 3602; x_wconf 43' lang='lat' dir='ltr'><strong><em>{ss</em></strong></span> <span class='ocrx_word' id='word_1_318' title='bbox 1021 3472 1116 3548; x_wconf 50' lang='grc' dir='ltr'><strong><em>’τοὶς</em></strong></span> 
     </span>
     <span class='ocr_line' id='line_1_33' title="bbox 904 3581 947 3627; baseline -0.047 0"><span class='ocrx_word' id='word_1_319' title='bbox 904 3581 947 3627; x_wconf 57' lang='grc' dir='ltr'><strong><em>«ιο</em></strong></span> 
     </span>
    </p>
   </div>
   <div class='ocr_carea' id='block_1_5' title="bbox 0 0 1174 3818">
    <p class='ocr_par' dir='ltr' id='par_1_7' title="bbox 0 0 1174 3818">
     <span class='ocr_line' id='line_1_34' title="bbox 0 0 1174 3818; baseline 0 0"><span class='ocrx_word' id='word_1_320' title='bbox 0 0 1174 3818; x_wconf 95' lang='lat' dir='ltr'><strong><em> </em></strong></span> 
     </span>
    </p>
   </div>
  </div>
 </body>
</html>
