<?xml version="1.0" encoding="UTF-8"?>
<!DOCTYPE html PUBLIC "-//W3C//DTD XHTML 1.0 Transitional//EN"
    "http://www.w3.org/TR/xhtml1/DTD/xhtml1-transitional.dtd">
<html xmlns="http://www.w3.org/1999/xhtml" xml:lang="en" lang="en">
 <head>
  <title>
</title>
<meta http-equiv="Content-Type" content="text/html;charset=utf-8" />
  <meta name='ocr-system' content='tesseract 3.04.00' />
  <meta name='ocr-capabilities' content='ocr_page ocr_carea ocr_par ocr_line ocrx_word'/>
</head>
<body>
  <div class='ocr_page' id='page_1' title='image "./euclidisoperaom04unkngoog_0032.png"; bbox 0 0 2340 3818; ppageno 0'>
   <div class='ocr_carea' id='block_1_1' title="bbox 351 125 1094 190">
    <p class='ocr_par' dir='ltr' id='par_1_1' title="bbox 351 125 1094 190">
     <span class='ocr_line' id='line_1_1' title="bbox 351 125 1094 190; baseline 0.001 -12"><span class='ocrx_word' id='word_1_1' title='bbox 351 127 626 178; x_wconf 79' lang='lat' dir='ltr'>ELEMENTORUM</span> <span class='ocrx_word' id='word_1_2' title='bbox 646 128 756 178; x_wconf 83' lang='lat' dir='ltr'>LIBER</span> <span class='ocrx_word' id='word_1_3' title='bbox 774 130 820 179; x_wconf 88' lang='lat' dir='ltr'><strong>XI.</strong></span> <span class='ocrx_word' id='word_1_4' title='bbox 1053 125 1094 190; x_wconf 80' lang='grc'><strong>17</strong></span> 
     </span>
    </p>
   </div>
   <div class='ocr_carea' id='block_1_2' title="bbox 35 270 1100 1947">
    <p class='ocr_par' dir='ltr' id='par_1_2' title="bbox 38 270 1100 1734">
     <span class='ocr_line' id='line_1_2' title="bbox 80 270 1100 354; baseline 0.001 -19"><span class='ocrx_word' id='word_1_5' title='bbox 80 274 141 353; x_wconf 75' lang='lat' dir='ltr'><strong>est,</strong></span> <span class='ocrx_word' id='word_1_6' title='bbox 160 291 234 334; x_wconf 91' lang='lat' dir='ltr'><strong>esse</strong></span> <span class='ocrx_word' id='word_1_7' title='bbox 247 273 319 333; x_wconf 88' lang='lat' dir='ltr'><strong>HE</strong></span> <span class='ocrx_word' id='word_1_8' title='bbox 332 300 374 322; x_wconf 89' lang='lat'>=</span> <span class='ocrx_word' id='word_1_9' title='bbox 390 273 467 352; x_wconf 83' lang='grc' dir='ltr'><strong>ΕΘ,</strong></span> <span class='ocrx_word' id='word_1_10' title='bbox 492 275 525 334; x_wconf 89' lang='lat' dir='ltr'><strong>et</strong></span> <span class='ocrx_word' id='word_1_11' title='bbox 545 273 610 333; x_wconf 88' lang='lat' dir='ltr'><strong>ZE</strong></span> <span class='ocrx_word' id='word_1_12' title='bbox 631 270 809 334; x_wconf 89' lang='lat' dir='ltr'><strong>eommunis</strong></span> <span class='ocrx_word' id='word_1_13' title='bbox 833 275 892 354; x_wconf 85' lang='lat' dir='ltr'><strong>est,</strong></span> <span class='ocrx_word' id='word_1_14' title='bbox 911 271 973 336; x_wconf 92' lang='lat' dir='ltr'><strong>duo</strong></span> <span class='ocrx_word' id='word_1_15' title='bbox 993 273 1100 336; x_wconf 88' lang='lat' dir='ltr'><strong>latera</strong></span> 
     </span>
     <span class='ocr_line' id='line_1_3' title="bbox 38 375 1098 460; baseline 0.004 -20"><span class='ocrx_word' id='word_1_16' title='bbox 38 380 41 386; x_wconf 82' lang='lat'>&#39;</span> <span class='ocrx_word' id='word_1_17' title='bbox 82 380 166 458; x_wconf 84' lang='lat' dir='ltr'><strong>HE,</strong></span> <span class='ocrx_word' id='word_1_18' title='bbox 185 379 248 440; x_wconf 90' lang='grc' dir='ltr'><strong>ΕΖ</strong></span> <span class='ocrx_word' id='word_1_19' title='bbox 261 375 387 439; x_wconf 92' lang='lat' dir='ltr'><strong>duobus</strong></span> <span class='ocrx_word' id='word_1_20' title='bbox 401 378 480 458; x_wconf 85' lang='grc' dir='ltr'><strong>ΘΕ,</strong></span> <span class='ocrx_word' id='word_1_21' title='bbox 496 378 559 438; x_wconf 88' lang='grc' dir='ltr'><strong>ΕΖ</strong></span> <span class='ocrx_word' id='word_1_22' title='bbox 574 375 723 458; x_wconf 91' lang='lat' dir='ltr'><strong>aequalia</strong></span> <span class='ocrx_word' id='word_1_23' title='bbox 738 379 828 460; x_wconf 81' lang='lat' dir='ltr'><strong>sunt3</strong></span> <span class='ocrx_word' id='word_1_24' title='bbox 844 380 877 440; x_wconf 89' lang='lat' dir='ltr'><strong>et</strong></span> <span class='ocrx_word' id='word_1_25' title='bbox 892 380 961 441; x_wconf 87' lang='grc' dir='ltr'><strong>ΖΗ</strong></span> <span class='ocrx_word' id='word_1_26' title='bbox 973 408 1014 431; x_wconf 88' lang='lat'><strong>==</strong></span> <span class='ocrx_word' id='word_1_27' title='bbox 1030 382 1098 444; x_wconf 88' lang='grc' dir='ltr'><strong>ΖΘ.</strong></span> 
     </span>
     <span class='ocr_line' id='line_1_4' title="bbox 78 481 1098 568; baseline 0.004 -22"><span class='ocrx_word' id='word_1_28' title='bbox 78 482 192 566; x_wconf 85' lang='lat' dir='ltr'><strong>itaque</strong></span> <span class='ocrx_word' id='word_1_29' title='bbox 211 484 350 558; x_wconf 60' lang='grc' dir='ltr'>[ΗΕΖ</span> <span class='ocrx_word' id='word_1_30' title='bbox 367 511 408 533; x_wconf 83' lang='lat'><em>=</em></span> <span class='ocrx_word' id='word_1_31' title='bbox 424 484 520 545; x_wconf 90' lang='grc' dir='ltr'><strong>ΘΕΖ</strong></span> <span class='ocrx_word' id='word_1_32' title='bbox 540 481 582 562; x_wconf 87' lang='grc'><strong>[1,</strong></span> <span class='ocrx_word' id='word_1_33' title='bbox 601 481 645 561; x_wconf 88' lang='grc'><strong>8].</strong></span> <span class='ocrx_word' id='word_1_34' title='bbox 681 483 792 567; x_wconf 90' lang='lat' dir='ltr'><strong>itaque</strong></span> <span class='ocrx_word' id='word_1_35' title='bbox 810 486 945 565; x_wconf 87' lang='lat' dir='ltr'><strong>uterque</strong></span> <span class='ocrx_word' id='word_1_36' title='bbox 960 485 1098 568; x_wconf 88' lang='lat' dir='ltr'><strong>angulus</strong></span> 
     </span>
     <span class='ocr_line' id='line_1_5' title="bbox 82 587 1100 671; baseline 0.003 -20"><span class='ocrx_word' id='word_1_37' title='bbox 82 591 200 669; x_wconf 85' lang='grc' dir='ltr'>ΗΕΖ,</span> <span class='ocrx_word' id='word_1_38' title='bbox 232 592 330 652; x_wconf 85' lang='grc' dir='ltr'><strong>ΘΕΖ</strong></span> <span class='ocrx_word' id='word_1_39' title='bbox 361 592 467 653; x_wconf 85' lang='lat' dir='ltr'><strong>rectus</strong></span> <span class='ocrx_word' id='word_1_40' title='bbox 499 591 549 652; x_wconf 89' lang='lat' dir='ltr'><strong>est</strong></span> <span class='ocrx_word' id='word_1_41' title='bbox 583 587 611 667; x_wconf 92' lang='lat' dir='ltr'><strong>[I</strong></span> <span class='ocrx_word' id='word_1_42' title='bbox 639 588 701 652; x_wconf 88' lang='lat' dir='ltr'><strong>def.</strong></span> <span class='ocrx_word' id='word_1_43' title='bbox 733 589 797 669; x_wconf 89' lang='lat'>10].</span> <span class='ocrx_word' id='word_1_44' title='bbox 853 607 931 671; x_wconf 88' lang='lat' dir='ltr'><strong>ergo</strong></span> <span class='ocrx_word' id='word_1_45' title='bbox 965 593 1028 653; x_wconf 91' lang='grc' dir='ltr'><strong>ΖΕ</strong></span> <span class='ocrx_word' id='word_1_46' title='bbox 1059 591 1100 656; x_wconf 92' lang='lat' dir='ltr'><strong>ad</strong></span> 
     </span>
     <span class='ocr_line' id='line_1_6' title="bbox 81 694 1098 779; baseline 0.004 -21"><span class='ocrx_word' id='word_1_47' title='bbox 81 698 206 758; x_wconf 86' lang='lat' dir='ltr'><strong>rectam</strong></span> <span class='ocrx_word' id='word_1_48' title='bbox 224 698 292 759; x_wconf 90' lang='grc' dir='ltr'><strong>ΗΘ</strong></span> <span class='ocrx_word' id='word_1_49' title='bbox 314 694 451 760; x_wconf 88' lang='lat' dir='ltr'><strong>fortuito</strong></span> <span class='ocrx_word' id='word_1_50' title='bbox 474 717 532 778; x_wconf 91' lang='lat' dir='ltr'><strong>per</strong></span> <span class='ocrx_word' id='word_1_51' title='bbox 551 695 729 758; x_wconf 88' lang='lat' dir='ltr'><strong>Eductam</strong></span> <span class='ocrx_word' id='word_1_52' title='bbox 747 695 1021 779; x_wconf 81' lang='lat' dir='ltr'><strong>perpendicularis</strong></span> <span class='ocrx_word' id='word_1_53' title='bbox 1041 702 1098 762; x_wconf 89' lang='lat' dir='ltr'><strong>est.</strong></span> 
     </span>
     <span class='ocr_line' id='line_1_7' title="bbox 83 800 1099 881; baseline 0.004 -18"><span class='ocrx_word' id='word_1_54' title='bbox 83 800 151 864; x_wconf 93' lang='lat' dir='ltr'><strong>iam</strong></span> <span class='ocrx_word' id='word_1_55' title='bbox 169 800 282 864; x_wconf 92' lang='lat' dir='ltr'><strong>eodem</strong></span> <span class='ocrx_word' id='word_1_56' title='bbox 295 800 393 866; x_wconf 93' lang='lat' dir='ltr'><strong>modo</strong></span> <span class='ocrx_word' id='word_1_57' title='bbox 408 800 714 881; x_wconf 81' lang='lat' dir='ltr'><strong>demonstrabimus,</strong></span> <span class='ocrx_word' id='word_1_58' title='bbox 735 804 798 864; x_wconf 89' lang='lat' dir='ltr'><strong>ZE</strong></span> <span class='ocrx_word' id='word_1_59' title='bbox 810 801 851 864; x_wconf 93' lang='lat' dir='ltr'><strong>ad</strong></span> <span class='ocrx_word' id='word_1_60' title='bbox 866 822 978 865; x_wconf 90' lang='lat' dir='ltr'><strong>omnes</strong></span> <span class='ocrx_word' id='word_1_61' title='bbox 992 805 1099 867; x_wconf 85' lang='lat' dir='ltr'><strong>rectas</strong></span> 
     </span>
     <span class='ocr_line' id='line_1_8' title="bbox 82 907 1098 991; baseline 0.002 -21"><span class='ocrx_word' id='word_1_62' title='bbox 82 927 155 970; x_wconf 88' lang='lat' dir='ltr'><strong>eam</strong></span> <span class='ocrx_word' id='word_1_63' title='bbox 181 909 353 991; x_wconf 78' lang='lat' dir='ltr'><strong>tangentes</strong></span> <span class='ocrx_word' id='word_1_64' title='bbox 385 910 418 970; x_wconf 87' lang='lat' dir='ltr'><strong>et</strong></span> <span class='ocrx_word' id='word_1_65' title='bbox 445 907 480 970; x_wconf 91' lang='lat' dir='ltr'><strong>in</strong></span> <span class='ocrx_word' id='word_1_66' title='bbox 506 907 604 989; x_wconf 89' lang='lat' dir='ltr'><strong>plano</strong></span> <span class='ocrx_word' id='word_1_67' title='bbox 633 907 813 972; x_wconf 87' lang='lat' dir='ltr'><strong>subiacenti</strong></span> <span class='ocrx_word' id='word_1_68' title='bbox 839 909 964 991; x_wconf 88' lang='lat' dir='ltr'><strong>positas</strong></span> <span class='ocrx_word' id='word_1_69' title='bbox 991 912 1098 972; x_wconf 88' lang='lat' dir='ltr'><strong>rectos</strong></span> 
     </span>
     <span class='ocr_line' id='line_1_9' title="bbox 79 1011 1098 1098; baseline 0.005 -23"><span class='ocrx_word' id='word_1_70' title='bbox 79 1011 208 1078; x_wconf 84' lang='lat' dir='ltr'><strong>efficere</strong></span> <span class='ocrx_word' id='word_1_71' title='bbox 232 1014 379 1097; x_wconf 82' lang='lat' dir='ltr'><strong>angulos.</strong></span> <span class='ocrx_word' id='word_1_72' title='bbox 423 1017 513 1077; x_wconf 87' lang='lat' dir='ltr'><strong>recta</strong></span> <span class='ocrx_word' id='word_1_73' title='bbox 537 1017 645 1077; x_wconf 91' lang='lat' dir='ltr'><strong>autem</strong></span> <span class='ocrx_word' id='word_1_74' title='bbox 670 1012 710 1076; x_wconf 91' lang='lat' dir='ltr'><strong>ad</strong></span> <span class='ocrx_word' id='word_1_75' title='bbox 732 1014 866 1097; x_wconf 86' lang='lat' dir='ltr'><strong>planum</strong></span> <span class='ocrx_word' id='word_1_76' title='bbox 890 1014 1098 1098; x_wconf 85' lang='lat' dir='ltr'><strong>perpendicn-</strong></span> 
     </span>
     <span class='ocr_line' id='line_1_10' title="bbox 78 1119 1098 1205; baseline 0.003 -23"><span class='ocrx_word' id='word_1_77' title='bbox 78 1119 158 1182; x_wconf 81' lang='lat' dir='ltr'><strong>laris</strong></span> <span class='ocrx_word' id='word_1_78' title='bbox 188 1122 252 1202; x_wconf 84' lang='lat' dir='ltr'><strong>est,</strong></span> <span class='ocrx_word' id='word_1_79' title='bbox 279 1119 336 1182; x_wconf 91' lang='lat' dir='ltr'><strong>ubi</strong></span> <span class='ocrx_word' id='word_1_80' title='bbox 364 1119 405 1183; x_wconf 91' lang='lat' dir='ltr'><strong>ad</strong></span> <span class='ocrx_word' id='word_1_81' title='bbox 434 1141 545 1184; x_wconf 90' lang='lat' dir='ltr'><strong>omnes</strong></span> <span class='ocrx_word' id='word_1_82' title='bbox 574 1124 679 1183; x_wconf 88' lang='lat' dir='ltr'><strong>rectas</strong></span> <span class='ocrx_word' id='word_1_83' title='bbox 708 1141 780 1184; x_wconf 89' lang='lat' dir='ltr'><strong>eam</strong></span> <span class='ocrx_word' id='word_1_84' title='bbox 807 1124 978 1205; x_wconf 81' lang='lat' dir='ltr'><strong>tangentes</strong></span> <span class='ocrx_word' id='word_1_85' title='bbox 1008 1126 1041 1185; x_wconf 89' lang='lat' dir='ltr'><strong>et</strong></span> <span class='ocrx_word' id='word_1_86' title='bbox 1063 1122 1098 1186; x_wconf 94' lang='lat' dir='ltr'><strong>in</strong></span> 
     </span>
     <span class='ocr_line' id='line_1_11' title="bbox 78 1225 1096 1311; baseline 0.005 -23"><span class='ocrx_word' id='word_1_87' title='bbox 78 1225 193 1288; x_wconf 90' lang='lat' dir='ltr'><strong>eodem</strong></span> <span class='ocrx_word' id='word_1_88' title='bbox 225 1225 324 1309; x_wconf 86' lang='lat' dir='ltr'><strong>plano</strong></span> <span class='ocrx_word' id='word_1_89' title='bbox 358 1225 470 1291; x_wconf 87' lang='lat' dir='ltr'><strong>ductas</strong></span> <span class='ocrx_word' id='word_1_90' title='bbox 503 1230 609 1292; x_wconf 87' lang='lat' dir='ltr'><strong>rectos</strong></span> <span class='ocrx_word' id='word_1_91' title='bbox 643 1227 781 1311; x_wconf 82' lang='lat' dir='ltr'><strong>angulos</strong></span> <span class='ocrx_word' id='word_1_92' title='bbox 814 1227 915 1291; x_wconf 88' lang='lat' dir='ltr'><strong>efficit</strong></span> <span class='ocrx_word' id='word_1_93' title='bbox 948 1228 1023 1308; x_wconf 86' lang='lat' dir='ltr'><strong>[def.</strong></span> <span class='ocrx_word' id='word_1_94' title='bbox 1051 1230 1096 1311; x_wconf 84' lang='lat'><strong>3].</strong></span> 
     </span>
     <span class='ocr_line' id='line_1_12' title="bbox 76 1331 1097 1416; baseline 0.006 -22"><span class='ocrx_word' id='word_1_95' title='bbox 76 1332 189 1415; x_wconf 90' lang='lat' dir='ltr'><strong>itaque</strong></span> <span class='ocrx_word' id='word_1_96' title='bbox 215 1336 278 1394; x_wconf 88' lang='grc' dir='ltr'><strong>ΖΕ</strong></span> <span class='ocrx_word' id='word_1_97' title='bbox 306 1331 347 1395; x_wconf 87' lang='lat' dir='ltr'><strong>ad</strong></span> <span class='ocrx_word' id='word_1_98' title='bbox 375 1332 510 1415; x_wconf 88' lang='lat' dir='ltr'><strong>planum</strong></span> <span class='ocrx_word' id='word_1_99' title='bbox 539 1331 709 1396; x_wconf 88' lang='lat' dir='ltr'><strong>subiacens</strong></span> <span class='ocrx_word' id='word_1_100' title='bbox 736 1333 1009 1416; x_wconf 81' lang='lat' dir='ltr'><strong>perpendicularis</strong></span> <span class='ocrx_word' id='word_1_101' title='bbox 1038 1340 1097 1400; x_wconf 89' lang='lat' dir='ltr'><strong>est.</strong></span> 
     </span>
     <span class='ocr_line' id='line_1_13' title="bbox 78 1437 1095 1522; baseline 0.004 -22"><span class='ocrx_word' id='word_1_102' title='bbox 78 1437 250 1500; x_wconf 87' lang='lat' dir='ltr'><strong>subiacens</strong></span> <span class='ocrx_word' id='word_1_103' title='bbox 275 1440 384 1502; x_wconf 88' lang='lat' dir='ltr'><strong>autem</strong></span> <span class='ocrx_word' id='word_1_104' title='bbox 408 1437 542 1520; x_wconf 92' lang='lat' dir='ltr'><strong>planum</strong></span> <span class='ocrx_word' id='word_1_105' title='bbox 565 1437 680 1520; x_wconf 87' lang='lat' dir='ltr'><strong>idest,</strong></span> <span class='ocrx_word' id='word_1_106' title='bbox 704 1439 790 1522; x_wconf 92' lang='lat' dir='ltr'><strong>quod</strong></span> <span class='ocrx_word' id='word_1_107' title='bbox 813 1459 871 1522; x_wconf 89' lang='lat' dir='ltr'><strong>per</strong></span> <span class='ocrx_word' id='word_1_108' title='bbox 893 1444 998 1503; x_wconf 85' lang='lat' dir='ltr'><strong>rectas</strong></span> <span class='ocrx_word' id='word_1_109' title='bbox 1014 1444 1079 1505; x_wconf 84' lang='lat' dir='ltr'><strong>AB</strong></span> <span class='ocrx_word' id='word_1_110' title='bbox 1087 1489 1095 1522; x_wconf 89' lang='lat'>,</span> 
     </span>
     <span class='ocr_line' id='line_1_14' title="bbox 80 1542 1095 1628; baseline 0.004 -23"><span class='ocrx_word' id='word_1_111' title='bbox 80 1545 148 1605; x_wconf 85' lang='grc' dir='ltr'><strong>ΓΛ</strong></span> <span class='ocrx_word' id='word_1_112' title='bbox 166 1542 296 1606; x_wconf 84' lang='lat' dir='ltr'><strong>ductum</strong></span> <span class='ocrx_word' id='word_1_113' title='bbox 316 1547 372 1608; x_wconf 89' lang='lat' dir='ltr'><strong>est.</strong></span> <span class='ocrx_word' id='word_1_114' title='bbox 411 1543 521 1627; x_wconf 90' lang='lat' dir='ltr'><strong>itaque</strong></span> <span class='ocrx_word' id='word_1_115' title='bbox 541 1548 606 1607; x_wconf 88' lang='lat' dir='ltr'><strong>ZE</strong></span> <span class='ocrx_word' id='word_1_116' title='bbox 623 1544 663 1608; x_wconf 88' lang='lat' dir='ltr'><strong>ad</strong></span> <span class='ocrx_word' id='word_1_117' title='bbox 683 1544 816 1627; x_wconf 91' lang='lat' dir='ltr'><strong>planum</strong></span> <span class='ocrx_word' id='word_1_118' title='bbox 835 1549 998 1610; x_wconf 89' lang='lat' dir='ltr'><strong>rectarum</strong></span> <span class='ocrx_word' id='word_1_119' title='bbox 1013 1551 1079 1609; x_wconf 92' lang='lat' dir='ltr'><strong>AB</strong></span> <span class='ocrx_word' id='word_1_120' title='bbox 1086 1593 1095 1628; x_wconf 91' lang='lat'>,</span> 
     </span>
     <span class='ocr_line' id='line_1_15' title="bbox 78 1648 529 1734; baseline 0.004 -22"><span class='ocrx_word' id='word_1_121' title='bbox 78 1651 147 1712; x_wconf 86' lang='grc' dir='ltr'><strong>ΓΛ</strong></span> <span class='ocrx_word' id='word_1_122' title='bbox 169 1648 446 1734; x_wconf 79' lang='lat' dir='ltr'><strong>perpendicularis</strong></span> <span class='ocrx_word' id='word_1_123' title='bbox 471 1656 529 1715; x_wconf 92' lang='lat' dir='ltr'><strong>est.</strong></span> 
     </span>
    </p>

    <p class='ocr_par' dir='ltr' id='par_1_3' title="bbox 35 1755 1097 1947">
     <span class='ocr_line' id='line_1_16' title="bbox 145 1755 1097 1840; baseline 0.003 -21"><span class='ocrx_word' id='word_1_124' title='bbox 145 1755 236 1840; x_wconf 82' lang='lat' dir='ltr'><strong>Ergo</strong></span> <span class='ocrx_word' id='word_1_125' title='bbox 265 1757 293 1820; x_wconf 91' lang='lat' dir='ltr'><strong>si</strong></span> <span class='ocrx_word' id='word_1_126' title='bbox 316 1763 407 1821; x_wconf 90' lang='lat' dir='ltr'><strong>recta</strong></span> <span class='ocrx_word' id='word_1_127' title='bbox 430 1757 471 1820; x_wconf 91' lang='lat' dir='ltr'><strong>ad</strong></span> <span class='ocrx_word' id='word_1_128' title='bbox 494 1757 573 1822; x_wconf 92' lang='lat' dir='ltr'><strong>duas</strong></span> <span class='ocrx_word' id='word_1_129' title='bbox 597 1762 700 1823; x_wconf 87' lang='lat' dir='ltr'><strong>rectas</strong></span> <span class='ocrx_word' id='word_1_130' title='bbox 724 1759 808 1823; x_wconf 88' lang='lat' dir='ltr'><strong>inter</strong></span> <span class='ocrx_word' id='word_1_131' title='bbox 832 1781 866 1822; x_wconf 89' lang='lat' dir='ltr'><strong>se</strong></span> <span class='ocrx_word' id='word_1_132' title='bbox 890 1761 1037 1822; x_wconf 87' lang='lat' dir='ltr'><strong>secantes</strong></span> <span class='ocrx_word' id='word_1_133' title='bbox 1061 1758 1097 1822; x_wconf 91' lang='lat' dir='ltr'><strong>in</strong></span> 
     </span>
     <span class='ocr_line' id='line_1_17' title="bbox 35 1862 1095 1947; baseline 0.004 -23"><span class='ocrx_word' id='word_1_134' title='bbox 35 1904 37 1908; x_wconf 34' lang='lat' dir='ltr'>s</span> <span class='ocrx_word' id='word_1_135' title='bbox 76 1862 242 1925; x_wconf 89' lang='lat' dir='ltr'><strong>communi</strong></span> <span class='ocrx_word' id='word_1_136' title='bbox 261 1863 404 1928; x_wconf 86' lang='lat' dir='ltr'><strong>sectione</strong></span> <span class='ocrx_word' id='word_1_137' title='bbox 423 1864 698 1947; x_wconf 84' lang='lat' dir='ltr'><strong>perpendicularis</strong></span> <span class='ocrx_word' id='word_1_138' title='bbox 718 1868 824 1929; x_wconf 88' lang='lat' dir='ltr'><strong>erecta</strong></span> <span class='ocrx_word' id='word_1_139' title='bbox 844 1864 914 1947; x_wconf 85' lang='lat' dir='ltr'><strong>erit,</strong></span> <span class='ocrx_word' id='word_1_140' title='bbox 938 1863 1036 1927; x_wconf 87' lang='lat' dir='ltr'><strong>eti&#39;am</strong></span> <span class='ocrx_word' id='word_1_141' title='bbox 1056 1864 1095 1928; x_wconf 88' lang='lat' dir='ltr'><strong>ad</strong></span> 
     </span>
    </p>
   </div>
   <div class='ocr_carea' id='block_1_3' title="bbox 76 1967 1094 2139">
    <p class='ocr_par' dir='ltr' id='par_1_4' title="bbox 76 1967 1094 2139">
     <span class='ocr_line' id='line_1_18' title="bbox 76 1967 1094 2054; baseline 0.005 -24"><span class='ocrx_word' id='word_1_142' title='bbox 76 1967 213 2050; x_wconf 91' lang='lat' dir='ltr'><strong>planum</strong></span> <span class='ocrx_word' id='word_1_143' title='bbox 237 1990 348 2033; x_wconf 91' lang='lat' dir='ltr'><strong>earum</strong></span> <span class='ocrx_word' id='word_1_144' title='bbox 370 1970 646 2054; x_wconf 86' lang='lat' dir='ltr'><strong>perpendicularis</strong></span> <span class='ocrx_word' id='word_1_145' title='bbox 671 1971 747 2051; x_wconf 82' lang='lat' dir='ltr'><strong>erit3</strong></span> <span class='ocrx_word' id='word_1_146' title='bbox 772 1969 856 2052; x_wconf 91' lang='lat' dir='ltr'><strong>quod</strong></span> <span class='ocrx_word' id='word_1_147' title='bbox 875 1972 946 2034; x_wconf 89' lang='lat' dir='ltr'><strong>erat</strong></span> <span class='ocrx_word' id='word_1_148' title='bbox 965 1969 1094 2035; x_wconf 89' lang='lat' dir='ltr'><strong>demon·</strong></span> 
     </span>
     <span class='ocr_line' id='line_1_19' title="bbox 76 2074 257 2139; baseline 0.017 -3"><span class='ocrx_word' id='word_1_149' title='bbox 76 2074 257 2139; x_wconf 86' lang='lat' dir='ltr'><strong>strandum.</strong></span> 
     </span>
    </p>
   </div>
   <div class='ocr_carea' id='block_1_4' title="bbox 566 2179 606 2245">
    <p class='ocr_par' dir='ltr' id='par_1_5' title="bbox 566 2179 606 2245">
     <span class='ocr_line' id='line_1_20' title="bbox 566 2179 606 2245; baseline 0.025 -1"><span class='ocrx_word' id='word_1_150' title='bbox 566 2179 606 2245; x_wconf 89' lang='lat' dir='ltr'><strong>V.</strong></span> 
     </span>
    </p>
   </div>
   <div class='ocr_carea' id='block_1_5' title="bbox 72 2301 1093 2919">
    <p class='ocr_par' dir='ltr' id='par_1_6' title="bbox 72 2301 1093 2600">
     <span class='ocr_line' id='line_1_21' title="bbox 146 2301 1092 2390; baseline 0.004 -24"><span class='ocrx_word' id='word_1_151' title='bbox 146 2301 180 2366; x_wconf 78' lang='lat' dir='ltr'><strong>Si</strong></span> <span class='ocrx_word' id='word_1_152' title='bbox 202 2307 291 2368; x_wconf 84' lang='lat' dir='ltr'><strong>recta</strong></span> <span class='ocrx_word' id='word_1_153' title='bbox 315 2304 355 2367; x_wconf 94' lang='lat' dir='ltr'><strong>ad</strong></span> <span class='ocrx_word' id='word_1_154' title='bbox 377 2308 444 2368; x_wconf 90' lang='lat' dir='ltr'><strong>tres</strong></span> <span class='ocrx_word' id='word_1_155' title='bbox 468 2308 574 2370; x_wconf 84' lang='lat' dir='ltr'><strong>rectas</strong></span> <span class='ocrx_word' id='word_1_156' title='bbox 597 2304 682 2368; x_wconf 89' lang='lat' dir='ltr'><strong>inter</strong></span> <span class='ocrx_word' id='word_1_157' title='bbox 705 2326 740 2369; x_wconf 88' lang='lat' dir='ltr'><strong>se</strong></span> <span class='ocrx_word' id='word_1_158' title='bbox 763 2308 935 2390; x_wconf 81' lang='lat' dir='ltr'><strong>tangentes</strong></span> <span class='ocrx_word' id='word_1_159' title='bbox 954 2306 988 2369; x_wconf 91' lang='lat' dir='ltr'><strong>in</strong></span> <span class='ocrx_word' id='word_1_160' title='bbox 1007 2327 1092 2370; x_wconf 89' lang='lat' dir='ltr'><strong>corn·</strong></span> 
     </span>
     <span class='ocr_line' id='line_1_22' title="bbox 75 2408 1093 2495; baseline 0.006 -26"><span class='ocrx_word' id='word_1_161' title='bbox 75 2408 169 2470; x_wconf 91' lang='lat' dir='ltr'><strong>muni</strong></span> <span class='ocrx_word' id='word_1_162' title='bbox 201 2409 343 2473; x_wconf 88' lang='lat' dir='ltr'><strong>sectione</strong></span> <span class='ocrx_word' id='word_1_163' title='bbox 375 2410 651 2493; x_wconf 89' lang='lat' dir='ltr'><strong>perpendicularis</strong></span> <span class='ocrx_word' id='word_1_164' title='bbox 680 2413 785 2475; x_wconf 88' lang='lat' dir='ltr'><strong>erecta</strong></span> <span class='ocrx_word' id='word_1_165' title='bbox 814 2413 888 2495; x_wconf 82' lang='lat' dir='ltr'><strong>erit,</strong></span> <span class='ocrx_word' id='word_1_166' title='bbox 920 2415 986 2476; x_wconf 90' lang='lat' dir='ltr'><strong>tres</strong></span> <span class='ocrx_word' id='word_1_167' title='bbox 1016 2412 1093 2475; x_wconf 88' lang='lat' dir='ltr'><strong>illae</strong></span> 
     </span>
     <span class='ocr_line' id='line_1_23' title="bbox 72 2515 608 2600; baseline 0.006 -24"><span class='ocrx_word' id='word_1_168' title='bbox 72 2517 185 2578; x_wconf 88' lang='lat' dir='ltr'><strong>rectae</strong></span> <span class='ocrx_word' id='word_1_169' title='bbox 207 2515 243 2578; x_wconf 90' lang='lat' dir='ltr'><strong>in</strong></span> <span class='ocrx_word' id='word_1_170' title='bbox 267 2515 378 2580; x_wconf 88' lang='lat' dir='ltr'><strong>eodem</strong></span> <span class='ocrx_word' id='word_1_171' title='bbox 402 2516 500 2600; x_wconf 91' lang='lat' dir='ltr'><strong>plano</strong></span> <span class='ocrx_word' id='word_1_172' title='bbox 524 2519 608 2579; x_wconf 89' lang='lat' dir='ltr'><strong>sunt.</strong></span> 
     </span>
    </p>

    <p class='ocr_par' dir='ltr' id='par_1_7' title="bbox 72 2618 1092 2919">
     <span class='ocr_line' id='line_1_24' title="bbox 144 2618 1092 2705; baseline 0.004 -22"><span class='ocrx_word' id='word_1_173' title='bbox 144 2618 230 2684; x_wconf 91' lang='lat' dir='ltr'><strong>Nam</strong></span> <span class='ocrx_word' id='word_1_174' title='bbox 257 2624 347 2685; x_wconf 89' lang='lat' dir='ltr'><strong>recta</strong></span> <span class='ocrx_word' id='word_1_175' title='bbox 369 2626 434 2684; x_wconf 91' lang='lat' dir='ltr'><strong>AB</strong></span> <span class='ocrx_word' id='word_1_176' title='bbox 463 2621 504 2686; x_wconf 89' lang='lat' dir='ltr'><strong>ad</strong></span> <span class='ocrx_word' id='word_1_177' title='bbox 531 2625 597 2686; x_wconf 89' lang='lat' dir='ltr'><strong>tres</strong></span> <span class='ocrx_word' id='word_1_178' title='bbox 621 2626 727 2686; x_wconf 86' lang='lat' dir='ltr'><strong>rectas</strong></span> <span class='ocrx_word' id='word_1_179' title='bbox 750 2625 830 2705; x_wconf 88' lang='grc' dir='ltr'><strong>ΒΓ,</strong></span> <span class='ocrx_word' id='word_1_180' title='bbox 859 2627 941 2705; x_wconf 83' lang='grc' dir='ltr'><strong>ΒΛ,</strong></span> <span class='ocrx_word' id='word_1_181' title='bbox 971 2627 1037 2687; x_wconf 90' lang='grc' dir='ltr'><strong>ΒΕ</strong></span> <span class='ocrx_word' id='word_1_182' title='bbox 1057 2624 1092 2687; x_wconf 92' lang='lat' dir='ltr'><strong>in</strong></span> 
     </span>
     <span class='ocr_line' id='line_1_25' title="bbox 74 2727 1092 2813; baseline 0.006 -26"><span class='ocrx_word' id='word_1_183' title='bbox 74 2728 197 2809; x_wconf 91' lang='lat' dir='ltr'><strong>puncto</strong></span> <span class='ocrx_word' id='word_1_184' title='bbox 226 2727 379 2791; x_wconf 86' lang='lat' dir='ltr'><strong>sectionis</strong></span> <span class='ocrx_word' id='word_1_185' title='bbox 408 2731 436 2791; x_wconf 89' lang='lat' dir='ltr'><strong><em>B</em></strong></span> <span class='ocrx_word' id='word_1_186' title='bbox 466 2728 742 2812; x_wconf 85' lang='lat' dir='ltr'><strong>perpendicularis</strong></span> <span class='ocrx_word' id='word_1_187' title='bbox 773 2732 880 2793; x_wconf 88' lang='lat' dir='ltr'><strong>erecta</strong></span> <span class='ocrx_word' id='word_1_188' title='bbox 907 2729 959 2796; x_wconf 88' lang='lat' dir='ltr'><strong>sit.</strong></span> <span class='ocrx_word' id='word_1_189' title='bbox 1012 2729 1092 2813; x_wconf 87' lang='lat' dir='ltr'><strong>dioc,</strong></span> 
     </span>
     <span class='ocr_line' id='line_1_26' title="bbox 72 2834 899 2919; baseline 0.01 -25"><span class='ocrx_word' id='word_1_190' title='bbox 72 2835 183 2895; x_wconf 86' lang='lat' dir='ltr'><strong>rectas</strong></span> <span class='ocrx_word' id='word_1_191' title='bbox 208 2834 283 2914; x_wconf 85' lang='grc' dir='ltr'><strong>ΒΓ,</strong></span> <span class='ocrx_word' id='word_1_192' title='bbox 308 2836 390 2915; x_wconf 83' lang='grc' dir='ltr'><strong>ΒΛ,</strong></span> <span class='ocrx_word' id='word_1_193' title='bbox 415 2837 481 2897; x_wconf 88' lang='grc' dir='ltr'><strong>ΒΕ</strong></span> <span class='ocrx_word' id='word_1_194' title='bbox 502 2834 536 2897; x_wconf 94' lang='lat' dir='ltr'><strong>in</strong></span> <span class='ocrx_word' id='word_1_195' title='bbox 561 2835 672 2898; x_wconf 91' lang='lat' dir='ltr'><strong>eodem</strong></span> <span class='ocrx_word' id='word_1_196' title='bbox 696 2836 795 2919; x_wconf 91' lang='lat' dir='ltr'><strong>plano</strong></span> <span class='ocrx_word' id='word_1_197' title='bbox 820 2857 899 2902; x_wconf 83' lang='lat' dir='ltr'><strong>esse.</strong></span> 
     </span>
    </p>
   </div>
   <div class='ocr_carea' id='block_1_6' title="bbox 505 2960 559 2967">
    <p class='ocr_par' dir='ltr' id='par_1_8' title="bbox 505 2960 559 2967">
     <span class='ocr_line' id='line_1_27' title="bbox 505 2960 559 2967; baseline 0.019 -1"><span class='ocrx_word' id='word_1_198' title='bbox 505 2960 559 2967; x_wconf 80' lang='lat'><strong>—.</strong></span> 
     </span>
    </p>
   </div>
   <div class='ocr_carea' id='block_1_7' title="bbox 70 3019 1124 3453">
    <p class='ocr_par' dir='ltr' id='par_1_9' title="bbox 70 3019 1124 3453">
     <span class='ocr_line' id='line_1_28' title="bbox 72 3019 1008 3099; baseline 0.005 -22"><span class='ocrx_word' id='word_1_199' title='bbox 72 3024 142 3077; x_wconf 63' lang='grc' dir='ltr'><strong>ΘΕ.</strong></span> <span class='ocrx_word' id='word_1_200' title='bbox 225 3019 323 3092; x_wconf 74' lang='grc' dir='ltr'><strong><em>αὐτῆς]</em></strong></span> <span class='ocrx_word' id='word_1_201' title='bbox 342 3042 411 3080; x_wconf 90' lang='lat' dir='ltr'><strong>corr.</strong></span> <span class='ocrx_word' id='word_1_202' title='bbox 431 3042 464 3080; x_wconf 84' lang='lat' dir='ltr'><strong>ex</strong></span> <span class='ocrx_word' id='word_1_203' title='bbox 483 3021 555 3097; x_wconf 76' lang='grc' dir='ltr'><strong>αὐτῇ</strong></span> <span class='ocrx_word' id='word_1_204' title='bbox 575 3045 611 3082; x_wconf 91' lang='lat' dir='ltr'><strong>m.</strong></span> <span class='ocrx_word' id='word_1_205' title='bbox 632 3030 646 3080; x_wconf 93' lang='grc'><strong>1</strong></span> <span class='ocrx_word' id='word_1_206' title='bbox 667 3028 696 3081; x_wconf 89' lang='grc' dir='ltr'><strong>Β.</strong></span> <span class='ocrx_word' id='word_1_207' title='bbox 784 3034 826 3081; x_wconf 81' lang='lat'><strong>12.</strong></span> <span class='ocrx_word' id='word_1_208' title='bbox 848 3023 890 3099; x_wconf 77' lang='grc' dir='ltr'><strong>ἐν]</strong></span> <span class='ocrx_word' id='word_1_209' title='bbox 912 3023 962 3082; x_wconf 77' lang='grc' dir='ltr'><strong>ἐπί</strong></span> <span class='ocrx_word' id='word_1_210' title='bbox 978 3049 1008 3096; x_wconf 85' lang='grc' dir='ltr'><strong>φ.</strong></span> 
     </span>
     <span class='ocr_line' id='line_1_29' title="bbox 72 3088 1090 3218; baseline 0.007 -71"><span class='ocrx_word' id='word_1_211' title='bbox 72 3088 168 3218; x_wconf 53' lang='lat' dir='ltr'><strong>adrui}</strong></span> <span class='ocrx_word' id='word_1_212' title='bbox 188 3111 241 3150; x_wconf 90' lang='lat' dir='ltr'><strong>om.</strong></span> <span class='ocrx_word' id='word_1_213' title='bbox 260 3095 292 3150; x_wconf 91' lang='lat' dir='ltr'><strong>V.</strong></span> <span class='ocrx_word' id='word_1_214' title='bbox 383 3103 464 3151; x_wconf 78' lang='grc' dir='ltr'><em>ποιεῖ</em></span> <span class='ocrx_word' id='word_1_215' title='bbox 478 3099 507 3152; x_wconf 89' lang='grc' dir='ltr'><strong>Ρ.</strong></span> <span class='ocrx_word' id='word_1_216' title='bbox 600 3103 642 3155; x_wconf 89' lang='grc'><strong>13.</strong></span> <span class='ocrx_word' id='word_1_217' title='bbox 662 3095 693 3153; x_wconf 77' lang='grc' dir='ltr'><strong>ἐν</strong></span> <span class='ocrx_word' id='word_1_218' title='bbox 713 3099 751 3168; x_wconf 76' lang='grc' dir='ltr'><strong>τῷ</strong></span> <span class='ocrx_word' id='word_1_219' title='bbox 770 3098 800 3154; x_wconf 89' lang='grc' dir='ltr'><strong>Β,</strong></span> <span class='ocrx_word' id='word_1_220' title='bbox 893 3094 979 3170; x_wconf 75' lang='grc' dir='ltr'><strong>ἐστιν]</strong></span> <span class='ocrx_word' id='word_1_221' title='bbox 999 3117 1090 3170; x_wconf 85' lang='lat' dir='ltr'><strong>comp.</strong></span> 
     </span>
     <span class='ocr_line' id='line_1_30' title="bbox 70 3163 1091 3237; baseline 0.005 -18"><span class='ocrx_word' id='word_1_222' title='bbox 70 3163 133 3232; x_wconf 78' lang='lat' dir='ltr'><strong>rb,</strong></span> <span class='ocrx_word' id='word_1_223' title='bbox 170 3182 212 3218; x_wconf 81' lang='grc' dir='ltr'><strong>στι</strong></span> <span class='ocrx_word' id='word_1_224' title='bbox 231 3165 259 3219; x_wconf 92' lang='grc' dir='ltr'><strong>Ρ.</strong></span> <span class='ocrx_word' id='word_1_225' title='bbox 344 3172 384 3221; x_wconf 86' lang='grc'><strong>14.</strong></span> <span class='ocrx_word' id='word_1_226' title='bbox 404 3167 472 3237; x_wconf 79' lang='grc' dir='ltr'><strong>τῶν]</strong></span> <span class='ocrx_word' id='word_1_227' title='bbox 490 3166 536 3222; x_wconf 92' lang='lat' dir='ltr'><strong>bis</strong></span> <span class='ocrx_word' id='word_1_228' title='bbox 556 3167 590 3237; x_wconf 83' lang='lat' dir='ltr'><strong>V,</strong></span> <span class='ocrx_word' id='word_1_229' title='bbox 610 3167 659 3223; x_wconf 88' lang='lat' dir='ltr'><strong>sed</strong></span> <span class='ocrx_word' id='word_1_230' title='bbox 678 3186 746 3224; x_wconf 91' lang='lat' dir='ltr'><strong>corr.</strong></span> <span class='ocrx_word' id='word_1_231' title='bbox 831 3175 871 3224; x_wconf 80' lang='lat'><strong>15.</strong></span> <span class='ocrx_word' id='word_1_232' title='bbox 893 3174 947 3223; x_wconf 88' lang='grc' dir='ltr'><strong>ΓΔ</strong></span> <span class='ocrx_word' id='word_1_233' title='bbox 967 3165 1091 3225; x_wconf 71' lang='grc' dir='ltr'><strong><em>εὐθειῶν</em></strong></span> 
     </span>
     <span class='ocr_line' id='line_1_31' title="bbox 72 3232 1089 3311; baseline 0.007 -22"><span class='ocrx_word' id='word_1_234' title='bbox 72 3235 135 3290; x_wconf 90' lang='lat' dir='ltr'><strong>Vb.</strong></span> <span class='ocrx_word' id='word_1_235' title='bbox 209 3242 250 3291; x_wconf 86' lang='grc'><strong>16.</strong></span> <span class='ocrx_word' id='word_1_236' title='bbox 271 3232 414 3292; x_wconf 74' lang='grc' dir='ltr'><strong><em>ἐπιπέδων</em></strong></span> <span class='ocrx_word' id='word_1_237' title='bbox 428 3239 456 3293; x_wconf 91' lang='lat' dir='ltr'><strong>b.</strong></span> <span class='ocrx_word' id='word_1_238' title='bbox 513 3244 554 3295; x_wconf 79' lang='grc'><strong>17.</strong></span> <span class='ocrx_word' id='word_1_239' title='bbox 575 3234 678 3294; x_wconf 75' lang='grc' dir='ltr'><em>εὐθεῖα</em></span> <span class='ocrx_word' id='word_1_240' title='bbox 697 3236 749 3294; x_wconf 77' lang='grc' dir='ltr'><strong>δύο</strong></span> <span class='ocrx_word' id='word_1_241' title='bbox 769 3236 910 3311; x_wconf 75' lang='grc' dir='ltr'><strong><em>εὐθείαις]</em></strong></span> <span class='ocrx_word' id='word_1_242' title='bbox 930 3243 947 3310; x_wconf 82' lang='grc' dir='ltr'><strong><em>β</em></strong></span> <span class='ocrx_word' id='word_1_243' title='bbox 967 3242 1041 3295; x_wconf 59' lang='lat' dir='ltr'><strong>aad&amp;</strong></span> <span class='ocrx_word' id='word_1_244' title='bbox 1059 3241 1089 3298; x_wconf 74' lang='lat' dir='ltr'><strong>F.</strong></span> 
     </span>
     <span class='ocr_line' id='line_1_32' title="bbox 148 3303 1096 3381; baseline 0.004 -21"><span class='ocrx_word' id='word_1_245' title='bbox 148 3303 201 3361; x_wconf 80' lang='lat' dir='ltr'><strong>driu</strong></span> <span class='ocrx_word' id='word_1_246' title='bbox 216 3339 249 3347; x_wconf 85' lang='lat'>-</span> <span class='ocrx_word' id='word_1_247' title='bbox 265 3313 305 3363; x_wconf 84' lang='lat'><strong>19.</strong></span> <span class='ocrx_word' id='word_1_248' title='bbox 326 3310 429 3381; x_wconf 69' lang='grc' dir='ltr'>δείξαι]</span> <span class='ocrx_word' id='word_1_249' title='bbox 450 3306 548 3363; x_wconf 75' lang='grc' dir='ltr'><strong>καὶτὰ</strong></span> <span class='ocrx_word' id='word_1_250' title='bbox 567 3305 630 3379; x_wconf 78' lang='grc' dir='ltr'><strong>ἕξῆς</strong></span> <span class='ocrx_word' id='word_1_251' title='bbox 644 3309 675 3364; x_wconf 91' lang='grc' dir='ltr'><strong>Β.</strong></span> <span class='ocrx_word' id='word_1_252' title='bbox 755 3315 795 3364; x_wconf 79' lang='grc'><strong>17.</strong></span> <span class='ocrx_word' id='word_1_253' title='bbox 815 3308 984 3381; x_wconf 77' lang='grc' dir='ltr'><strong>τεμνούσαις</strong></span> <span class='ocrx_word' id='word_1_254' title='bbox 997 3342 1031 3351; x_wconf 89' lang='grc'>-</span> <span class='ocrx_word' id='word_1_255' title='bbox 1048 3319 1096 3364; x_wconf 59' lang='grc'><strong>111.</strong></span> 
     </span>
     <span class='ocr_line' id='line_1_33' title="bbox 73 3374 1124 3453; baseline -0.002 -23"><span class='ocrx_word' id='word_1_256' title='bbox 73 3374 168 3448; x_wconf 77' lang='grc' dir='ltr'><strong><em>ἔσται]</em></strong></span> <span class='ocrx_word' id='word_1_257' title='bbox 187 3375 289 3432; x_wconf 76' lang='grc' dir='ltr'><strong><em>καὶτὰ</em></strong></span> <span class='ocrx_word' id='word_1_258' title='bbox 310 3375 374 3448; x_wconf 65' lang='grc' dir='ltr'><strong>ἑξῆς</strong></span> <span class='ocrx_word' id='word_1_259' title='bbox 392 3381 421 3434; x_wconf 77' lang='lat' dir='ltr'><strong>F.</strong></span> <span class='ocrx_word' id='word_1_260' title='bbox 510 3387 551 3438; x_wconf 78' lang='lat'><strong>19.</strong></span> <span class='ocrx_word' id='word_1_261' title='bbox 573 3379 648 3439; x_wconf 74' lang='grc' dir='ltr'><strong>ἐστιν</strong></span> <span class='ocrx_word' id='word_1_262' title='bbox 667 3381 734 3441; x_wconf 66' lang='grc' dir='ltr'><strong>Ἦ).</strong></span> <span class='ocrx_word' id='word_1_263' title='bbox 821 3376 901 3453; x_wconf 68' lang='lat' dir='ltr'><strong>‘daeo</strong></span> <span class='ocrx_word' id='word_1_264' title='bbox 915 3379 1124 3441; x_wconf 31' lang='lat' dir='ltr'><strong>{detestanta</strong></span> 
     </span>
    </p>
   </div>
   <div class='ocr_carea' id='block_1_8' title="bbox 72 3447 1043 3616">
    <p class='ocr_par' dir='ltr' id='par_1_10' title="bbox 72 3447 1043 3616">
     <span class='ocr_line' id='line_1_34' title="bbox 72 3447 1043 3531; baseline 0.006 -31"><span class='ocrx_word' id='word_1_265' title='bbox 72 3464 166 3517; x_wconf 80' lang='lat' dir='ltr'><strong>comp.</strong></span> <span class='ocrx_word' id='word_1_266' title='bbox 185 3447 215 3503; x_wconf 81' lang='lat' dir='ltr'><strong>F,</strong></span> <span class='ocrx_word' id='word_1_267' title='bbox 285 3455 326 3505; x_wconf 74' lang='lat'><strong>25.</strong></span> <span class='ocrx_word' id='word_1_268' title='bbox 345 3447 507 3531; x_wconf 70' lang='grc' dir='ltr'><strong><em>ἐφεστάτω]</em></strong></span> <span class='ocrx_word' id='word_1_269' title='bbox 530 3475 604 3518; x_wconf 86' lang='lat' dir='ltr'><strong>corr.</strong></span> <span class='ocrx_word' id='word_1_270' title='bbox 625 3475 662 3517; x_wconf 80' lang='lat' dir='ltr'><strong>ex</strong></span> <span class='ocrx_word' id='word_1_271' title='bbox 681 3451 845 3530; x_wconf 68' lang='lat' dir='ltr'><strong>desertura</strong></span> <span class='ocrx_word' id='word_1_272' title='bbox 861 3473 908 3509; x_wconf 84' lang='lat' dir='ltr'><strong>m.</strong></span> <span class='ocrx_word' id='word_1_273' title='bbox 923 3449 1043 3506; x_wconf 61' lang='lat' dir='ltr'><strong>recR·</strong></span> 
     </span>
     <span class='ocr_line' id='line_1_35' title="bbox 117 3544 990 3616; baseline 0.032 -36"><span class='ocrx_word' id='word_1_274' title='bbox 117 3545 262 3598; x_wconf 73' lang='lat' dir='ltr'><strong>Euclides,</strong></span> <span class='ocrx_word' id='word_1_275' title='bbox 281 3551 330 3591; x_wconf 83' lang='lat' dir='ltr'><strong>edd.</strong></span> <span class='ocrx_word' id='word_1_276' title='bbox 348 3554 456 3611; x_wconf 79' lang='lat' dir='ltr'><strong>Heiberg</strong></span> <span class='ocrx_word' id='word_1_277' title='bbox 471 3564 495 3602; x_wconf 89' lang='lat' dir='ltr'><strong>et</strong></span> <span class='ocrx_word' id='word_1_278' title='bbox 510 3563 611 3616; x_wconf 66' lang='lat' dir='ltr'><strong>Mense.</strong></span> <span class='ocrx_word' id='word_1_279' title='bbox 635 3565 683 3607; x_wconf 76' lang='lat' dir='ltr'><strong>N.</strong></span> <span class='ocrx_word' id='word_1_280' title='bbox 963 3544 990 3588; x_wconf 40' lang='grc' dir='ltr'><strong>ἦ·</strong></span> 
     </span>
    </p>
   </div>
   <div class='ocr_carea' id='block_1_9' title="bbox 0 0 1174 3818">
    <p class='ocr_par' dir='ltr' id='par_1_11' title="bbox 0 0 1174 3818">
     <span class='ocr_line' id='line_1_36' title="bbox 0 0 1174 3818; baseline 0 2"><span class='ocrx_word' id='word_1_281' title='bbox 0 0 1174 3818; x_wconf 95' lang='lat' dir='ltr'><strong> </strong></span> 
     </span>
    </p>
   </div>
  </div>
 </body>
</html>
