2340 3818
100 133 168 197 330
471 133 673 187 Συοιεωῑαω
692 129 741 202 η’.

99 295 175 343 σιον
199 272 263 364 α’ρα
287 274 356 343 ἐστὶ
379 272 417 343 τὸ
442 272 513 346 ἆπδ
530 279 588 361 της
608 284 638 342 A
645 283 673 342 Β
692 277 753 343 τοῦ
772 273 838 343 ἀπὸ
859 278 920 361 τῆς
937 282 1010 341 ΒΖ.
1035 279 1108 342 ’ἔστι

100 381 138 449 δὲ
165 383 222 450 καὶ
248 379 269 468 ἡ
292 385 350 468 τῆς
380 386 525 469 σφαίρας
548 379 723 469 διάμετρος
747 381 888 467 δυνάμει
912 387 1110 469 τριπλασίων

98 493 157 574 της
175 493 236 556 τού
254 488 361 574 κύβου
379 491 531 573 πλευρᾶς.
563 492 622 556 καί
638 490 728 555 ἐστιν
747 485 767 574 ἡ
784 497 815 555 Α
821 492 848 554 Β
863 484 884 573 ἡ
898 491 957 574 τῆς
971 493 1110 575 σφαίρας

101 594 287 683 διάμετρος·
311 592 332 682 ἡ
356 602 417 662 ΒΖ
440 592 506 678 ἄρα
528 597 589 662 τοῦ
612 594 721 680 κύβου
743 593 812 662 ἐστὶ
836 593 973 682 πλευρά.

64 720 80 770 5
167 702 234 769 Καὶ
255 702 324 770 ἐπεὶ
347 709 402 787 ίση
427 700 517 769 ἐστὶν
540 698 648 786 ἡΑΓ
663 712 702 790 τῇ
722 706 799 786 ΓΒ,
823 705 924 787 διπλῆ
943 700 1011 788 ἄρα
1029 701 1112 769 ἐστὶν

99 808 119 895 η
144 817 210 877 ΑΒ
238 813 298 896 τῆς
320 812 390 876 ΒΓ.
436 804 480 887 εδς
512 807 548 875 δὲ
576 805 597 893 ἡ
622 816 687 876 ΑΒ
714 807 798 897 πρὸς
824 807 885 893 τὴν
909 815 982 894 ΒΓ,
1012 805 1112 887 οὕτως

99 914 137 982 τὸ
161 913 228 985 ἀπὸ
252 919 310 1002 τῆς
328 922 394 982 ΑΒ
417 915 501 1003 πρὸς
523 913 561 982 τὸ
586 913 651 982 απὸ
676 919 734 1001 τῆς
753 922 827 982 ΒΕ·
853 914 1034 983 διπλάσιον
1053 913 1112 1002 ἄρα

100 1022 169 1090 ἐστὶ
196 1020 234 1090 τὸ
262 1019 327 1088 ἀπὸ
354 1025 415 1107 τῆς
437 1029 502 1088 ΑΒ
530 1031 592 1088 τοῦ
620 1019 685 1087 ἀπὸ
707 1031 767 1107 τῆς
789 1027 862 1088 ΒΕ.
908 1025 979 1088 ἔστι
1004 1020 1043 1088 δὲ
1064 1021 1115 1088 καί

99 1125 120 1214 ἡ
144 1130 202 1213 τῆς
225 1133 368 1214 σφαίρας
392 1126 568 1214 διάμετρος
597 1127 739 1213 δυνάμει
767 1132 953 1196 διπλασίων
977 1131 1037 1213 τῆς
1060 1131 1115 1194 τοῦ

49 1253 82 1302 10
102 1232 285 1321 ὀκταέδρου
307 1239 461 1321 πλευρᾶς.
506 1240 565 1302 καί
585 1235 676 1302 ἐστιν
699 1231 720 1320 ἡ
744 1242 809 1301 ΑΒ
832 1232 853 1320 ἡ
877 1239 936 1322 τῆς
959 1237 1116 1319 δοθείσης

101 1346 245 1426 σφαίρας
277 1340 466 1429 διάμετρος·
498 1339 519 1428 ἡ
548 1349 613 1409 ΒΕ
643 1339 708 1428 ἄρα
739 1345 801 1409 τοῦ
834 1339 1019 1427 ὀκταέδρου
1053 1339 1116 1408 ἐστὶ

100 1446 235 1532 πλευρά.

156 1550 276 1639 Ἤχθω
301 1552 342 1641 δὴ
365 1551 431 1622 ἀπὸ
455 1558 516 1622 τοῦ
535 1562 567 1621 Α
591 1558 732 1641 σημείου
753 1557 793 1641 τῇ
813 1560 878 1619 ΑΒ
897 1550 1019 1643 εὐθείᾳ
1038 1554 1117 1642 πρὸς

101 1656 209 1746 ὀρθὰς
240 1658 261 1747 ἡ
290 1667 377 1744 ΑΗ,
408 1661 464 1727 καὶ
491 1665 616 1728 κείσθω
645 1657 666 1745 ἡ
695 1666 768 1726 ΑΗ
795 1667 850 1744 ίση
877 1663 917 1747 τῇ
947 1666 1033 1744 ΑΒ,
1066 1659 1117 1726 καὶ

49 1783 81 1832 15
101 1766 287 1854 ἐπεζεύχθω
311 1764 332 1853 ἡ
352 1771 429 1853 ΗΓ,
452 1767 509 1834 καὶ
532 1764 598 1834 ἀπὸ
621 1769 682 1833 τοῦ
696 1773 725 1833 Θ
744 1765 796 1834 ἐπὶ
815 1763 956 1851 κη’νἈΒ
975 1763 1117 1844 κάθετος

100 1871 197 1960 ἤχθω
224 1869 246 1958 ἡ
274 1879 347 1939 ΘΚ.
398 1873 454 1938 καὶ
483 1872 552 1939 ἐπεὶ
580 1876 680 1957 διπλῆ
710 1873 800 1938 ἐστιν
824 1868 844 1956 ἡ
868 1877 935 1938 ΗΑ
959 1875 1018 1958 τῆς
1043 1877 1116 1940 ΑΓ·

102 1989 156 2066 ίση
180 1978 245 2066 γὰρ
268 1977 289 2065 ἡ
313 1985 380 2046 ΗΑ
407 1983 447 2068 τῇ
472 1987 549 2046 ΑΒ·
579 1976 623 2059 ὡς
652 1977 689 2046 δὲ
718 1974 739 2063 ἡ
763 1982 831 2045 ΗΑ
853 1975 936 2064 πρὸς
959 1976 1022 2063 τὴν
1047 1983 1116 2063 ΑΓ,

102 2087 208 2166 οὕτως
231 2083 251 2171 ἡ
271 2092 339 2153 ΘΚ
358 2085 442 2174 πρὸς
464 2084 527 2171 τὴν
545 2090 621 2171 ΚΓ,
646 2088 745 2170 διπλῆ
769 2081 835 2168 ἄρα
858 2084 915 2150 καὶ
933 2080 955 2170 ἡ
976 2090 1049 2151 ΘΚ
1063 2088 1116 2169 τῆς

101 2198 176 2260 ΚΓ.
213 2192 453 2279 τετραπλάσιον
476 2189 542 2276 ἄρα
565 2191 634 2258 ἐστὶ
657 2188 694 2258 τὸ
718 2188 785 2257 ἀπὸ
805 2194 863 2276 τῆς
882 2197 950 2257 ΘΚ
971 2194 1035 2258 τοῦ
1055 2187 1115 2257 ἀπὸ

48 2315 83 2364 20
101 2301 160 2383 της
174 2302 255 2364 ΚΓ·
278 2296 318 2364 τὰ
337 2296 402 2383 ἄρα
426 2295 491 2365 ἀπὸ
514 2301 582 2364 των
596 2304 678 2383 ΘΚ,
703 2301 778 2381 ΚΓ,
803 2296 884 2384 ὅπερ
907 2296 975 2365 ἐστὶ
995 2295 1035 2365 τὸ
1055 2293 1115 2364 ἀπὸ

100 2409 159 2490 τῆς
182 2409 254 2488 ΘΓ,
277 2402 523 2471 πενταπλάσιόν
547 2406 616 2471 ἐστι
638 2412 699 2470 τοῦ
723 2401 788 2470 ἀπὸ
812 2406 871 2489 τῆς
893 2407 967 2470 ΚΓ.
1007 2411 1063 2488 ἴση
1083 2402 1117 2470 δὲ

101 2508 122 2596 ἡ
142 2517 207 2578 ΘΓ
225 2513 264 2598 τῇ
284 2516 358 2576 ΓΒ·
382 2509 628 2577 πενταπλάσιον
651 2508 716 2595 ἄρα
740 2510 809 2578 ἐστὶ
832 2508 869 2577 τὸ
895 2506 961 2576 ἀπὸ
980 2512 1041 2595 τῆς
1058 2513 1120 2577 ΒΓ

101 2620 163 2683 τού
191 2614 255 2685 ἀπὸ
283 2619 341 2703 τῆς
368 2622 442 2684 ΓΚ.
487 2617 543 2683 καὶ
571 2616 641 2684 ἐπεὶ
669 2619 768 2702 διπλῆ
800 2618 891 2684 ἐστιν
918 2612 939 2701 ἡ
963 2622 1032 2682 ΑΒ
1062 2619 1117 2702 τῆς

102 2729 178 2811 ΓΒ,
203 2717 251 2792 εδν
274 2721 295 2810 ἡ
315 2733 382 2790 ΑΛ
403 2726 462 2809 τῆς
481 2731 547 2791 ΑΒ
571 2725 638 2790 ἐστι
663 2727 779 2807 διπλῆ,
803 2722 902 2808 λοιπὴ
925 2720 993 2810 ἄρα
1015 2721 1036 2808 ἡ
1056 2729 1117 2797 ,ΒΛ

49 2847 82 2895 25
103 2835 220 2917 λοιπῆς
246 2835 304 2916 της
329 2836 398 2897 ΔΓ
423 2832 491 2897 ἐστι
521 2833 629 2924 διπλῆ.
679 2832 797 2914 τριπλῆ
829 2826 896 2913 ἄρα
923 2825 944 2913 η
972 2834 1043 2895 ΒΓ
1063 2832 1118 2913 τῆς

102 2943 177 3004 ΓΔ·
206 2936 432 3004 ἐνναπλάσιον
460 2935 526 3016 ἄρα
552 2934 591 3002 τὸ
620 2932 685 3002 ύπδ
712 2944 772 3021 της
793 2939 860 3002 ΒΓ
882 2936 944 3002 τοῦ
971 2932 1038 3002 ἀπὸ
1063 2938 1119 3021 τῆς

103 3049 173 3110 ΓΔ.
218 3042 464 3110 πενταπλάσιον
493 3039 530 3109 δὲ
557 3039 595 3109 τὸ
624 3038 689 3108 ἀπὸ
713 3051 771 3126 της
793 3046 859 3108 ΒΓ
881 3044 944 3108 τοῦ
972 3037 1040 3108 ἀπὸ
1063 3044 1119 3127 τῆς

102 3155 180 3216 ΓΚ·
208 3154 320 3235 μεῖζον
348 3147 412 3234 ύίρα
439 3147 477 3216 τὸ
505 3144 569 3216 ἀπὸ
597 3151 656 3233 τῆς
678 3153 746 3215 ΓΚ
770 3150 832 3214 τοῦ
859 3144 924 3214 ἀπὸ
954 3151 1014 3234 τῆς
1043 3153 1118 3215 ΓΔ.

175 3404 198 3451 1.
219 3393 293 3452 ἐστίν
312 3396 342 3450 P.
417 3400 464 3449 ZB
484 3395 514 3449 B.
589 3392 663 3448 ἔστιν
683 3395 741 3449 ΡΒ.
833 3399 857 3448 3.
877 3391 983 3450 κύκλον
998 3397 1032 3465 Ρ,
1052 3415 1119 3453 corr.

91 3490 130 3526 ια,
149 3488 207 3527 ree.
301 3475 327 3527 8.
349 3461 426 3542 ἐστί]
448 3463 521 3524 ἐστίν
540 3465 575 3536 P,
592 3483 647 3522 om.
663 3465 699 3520 V.
782 3467 850 3536 tofi}
865 3463 936 3535 πρὸς
954 3464 986 3522 τό
1008 3487 1037 3538 q.
