2340 3818
103 170 147 234 50
475 174 677 228 Στοιααιαα
695 168 747 229 ια’.

103 315 148 402 τῳ
171 309 379 406 ὑποκειμένῳ
404 316 546 407 ἐπιπέδῳ
570 313 653 403 πρὸς
676 314 795 404 ὀρθάς·
818 313 856 384 τὸ
876 315 943 405 ἄρα
962 324 1033 383 AE
1050 320 1119 386 ἐπί·

102 424 206 487 πεδον
234 417 344 506 ὀοδόν
372 424 442 490 ἐστι
468 421 552 510 πρὸς
579 420 616 490 τὸ
649 419 879 509 ὑποκείμενον.
926 419 1050 509 ὁμοίως
1073 423 1117 510 δὴ

104 524 317 613 δειχθήσεται
338 527 395 594 καὶ
421 525 530 595 πάντα
552 525 592 594 τὰ
616 527 672 596 διὰ
695 532 753 615 τῆς
775 535 840 595 ΑΒ
864 531 1003 597 ἐπίπεδα
1026 527 1117 616 ὀρθὰ

102 658 310 720 τνγχανοντα
333 631 417 721 πρὸς
438 632 476 700 τὸ
500 632 720 722 ὑποκείμενον
738 638 903 703 ἐπίπεδον.

67 755 84 804 6
167 736 245 807 Ἐὰν
273 737 339 827 ἄρα
362 735 481 806 εὐθεῖα
505 741 646 830 ἐπιπέδῳ
670 741 737 808 τινὶ
760 739 842 827 πρὸς
864 738 973 828 ὀρθὰς
996 733 1033 831 ᾖ,
1060 742 1118 809 καὶ

102 846 211 913 πάντα
237 844 278 912 τδι
307 845 352 912 δι’
388 842 491 932 αὑτῆς
518 848 656 914 ἐπίπεδα
682 850 727 937 τῷ
751 843 842 939 αὑτῷ
867 849 1010 939 ἐπιπέδῳ
1034 845 1119 936 πρὸς

103 952 212 1039 ὀρθὰς
234 956 346 1018 ἐσται·
368 947 448 1038 ὅπερ
472 955 540 1019 ἔδει
564 953 678 1032 δεῖξαι.

578 1179 640 1248 ιδ’.

169 1302 258 1373 Ἐὰν
282 1305 354 1373 δύο
379 1307 544 1372 ἐπίπεδα
566 1307 759 1392 τέμνοντα
782 1305 926 1393 ἄλληλα
946 1307 1117 1399 ἐπιπέδῳ

52 1427 84 1476 10
102 1412 183 1479 τινὶ
206 1410 302 1500 πρὸς
325 1409 450 1500 ὀρθὰς
472 1402 509 1502 ᾖ,
534 1412 600 1479 καὶ
623 1409 644 1500 ἡ
663 1410 778 1499 κοινὴ
798 1410 927 1480 αὐτῶν
944 1411 1042 1500 τομὴ
1061 1415 1113 1504 τῷ

103 1519 206 1611 αὐτῷ
231 1520 399 1611 ἐπιπέδῳ
423 1517 519 1604 πρὸς
543 1514 668 1607 ὀρθὰς
690 1523 809 1586 ἔσται.

170 1624 245 1693 Δύο
268 1624 332 1713 γὰρ
357 1627 494 1693 ἐπίπεδα
516 1623 557 1691 τὰ
576 1631 656 1710 ΑΒ,
676 1630 743 1692 ΒΓ
755 1634 801 1717 τῳ
820 1621 1028 1714 ὑποκειμένῳ
1050 1626 1118 1692 ἐπι·

102 1732 192 1823 πέδῳ
215 1730 299 1819 πρὸς
322 1728 428 1818 ὀρθὰς
451 1735 545 1818 ἔστω,
568 1729 664 1822 κοινὴ
688 1729 726 1797 δέ
749 1726 862 1798 αὑτοῖν
884 1730 969 1819 τομὴ
993 1735 1077 1798 ἐστω
1097 1757 1117 1818 η

102 1845 183 1908 BA·
211 1837 363 1925 λέγω,“
344 1863 395 1906 οτι
423 1835 444 1925 ἡ
468 1844 536 1905 ΒΛ
562 1841 607 1929 τῷ
635 1833 841 1928 ὑποκειμένῳ
866 1839 1008 1927 ἐπιπέδῳ
1032 1836 1119 1924 πρὸς

50 1958 82 2007 15
103 1948 211 2037 ὀοδας
234 1949 333 2014 ἐστιν.

169 2052 229 2141 Μὴ
252 2078 328 2140 γαρ,
351 2051 407 2118 καὶ
430 2049 591 2139 ἤχθωσαν
615 2044 679 2117 ὑπὸ
704 2058 765 2116 τοῦ
785 2057 818 2115 A
837 2055 977 2136 σημείου
996 2050 1032 2116 ἐν
1051 2047 1117 2134 μὲν

101 2188 146 2252 τῳ
171 2168 235 2227 ΑΒ
263 2161 405 2251 ἐπιπέδῳ
434 2161 473 2246 τῇ
497 2165 568 2224 ΑΔ
596 2151 715 2245 εὐθείᾳ
744 2156 827 2243 πρὸς
855 2151 1002 2243 ὀμθάς’
985 2181 1006 2240 η
1031 2162 1118 2241 AE,

103 2230 140 2337 ἐὺ
173 2265 210 2334 δὲ
240 2276 286 2358 τῷ
314 2272 380 2334 ΒΓ
408 2263 551 2354 ἐπιπέδῳ
579 2272 618 2350 τῇ
648 2268 715 2329 ΓΔ
741 2260 824 2348 πρὸς
854 2257 962 2345 ὀρθὰς
989 2257 1010 2344 ἡ
1041 2269 1119 2330 AZ.

102 2373 157 2440 καὶ
189 2372 258 2440 ἐπεὶ
286 2371 322 2439 τὸ
352 2377 417 2439 ΑΒ
445 2372 603 2437 ἐπίπεδον
631 2364 740 2451 ὀρθόν
769 2369 837 2432 ἐστι
865 2362 947 2448 πρὸς
969 2361 1007 2429 τὸ
1034 2361 1118 2433 ὑπο-

49 2488 83 2538 20
102 2485 267 2567 κείμενον,
294 2478 350 2546 καὶ
372 2481 412 2564 τῇ
435 2479 532 2563 κοινῇ
556 2471 666 2541 αὐτῶν
688 2479 772 2557 τομῇ
796 2472 835 2556 τῇ
859 2475 931 2535 AA
952 2466 1036 2553 πρὸς
1060 2471 1120 2557 ὀρ-

102 2585 168 2666 θὰς
201 2588 236 2654 ἐν
268 2586 313 2676 τῷ
342 2589 407 2650 ΑΒ
440 2581 583 2670 ἐπιπέδῳ
616 2569 712 2663 ἦκται
739 2570 760 2660 ἡ
789 2580 872 2661 ΛΕ,
903 2571 924 2662 ἡ
953 2581 1023 2641 ΛΕ
1048 2573 1118 2666 ἄρα

103 2690 191 2780 ὀρθή
217 2692 285 2758 ἐστι
308 2687 391 2777 πρὸς
413 2684 451 2754 τὸ
475 2683 886 2770 ὑποκείμενον-ἐπίπεδον.
928 2679 1052 2767 ὁμοίως
1071 2683 1116 2770 δὴ

33 2960 39 2981 ·-
174 2935 293 2994 ἐστιν
313 2935 343 2988 Ρ
433 2932 502 2987 Ροείι
519 2926 709 3000 ὑποκείμενον
730 2929 794 2984 add.
815 2924 952 2986 ἐπίπεδον
970 2932 989 2986 b
1008 2933 1038 2984 et
1054 2947 1114 3014 mg.

102 3029 139 3068 m.
158 3028 212 3067 rec.
231 3008 266 3062 V.
351 3009 377 3061 6.
395 3004 498 3057 καί-
517 3006 541 3058 7.
560 3001 678 3071 Setiae}
696 3024 732 3049 ω
750 3000 784 3056 V.
866 3007 891 3057 6.
909 2998 944 3056 τὰ
963 2995 1006 3056 δι’
1027 2993 1116 3070 αὑτῆς

18 3086 23 3091 “
104 3078 164 3137 ἐπι·
184 3097 263 3135 οααιι.
282 3075 312 3131 F.
377 3082 401 3130 9.
420 3073 570 3144 τέμνοντα]
590 3090 740 3142 στερεοντα
759 3091 780 3140 φ
800 3074 866 3140 (non
883 3073 925 3160 F).
987 3066 1114 3144 ἐπιπέδῳ

102 3153 175 3223 τινί]
195 3167 249 3205 om.
269 3148 300 3215 F,
319 3146 368 3200 sed
386 3145 500 3201 uidetur
517 3144 628 3200 fuisse'
620 3163 649 3198 m
665 3161 721 3213 mg.
796 3149 837 3199 10.
852 3141 963 3214 τομή]
954 3162 985 3198 m
1002 3159 1057 3197 ras.
1076 3159 1114 3197 m.

103 3223 323 3276 1Ρ.17.τω
357 3216 454 3284 bisP3
474 3233 542 3272 corr.
561 3234 598 3273 m
618 3223 643 3270 1.
704 3218 746 3268 16.
766 3209 823 3269 ἐστι
842 3213 905 3281 BV
925 3230 1014 3284 comp.
1033 3213 1063 3266 1⁴¹.

103 3297 144 3348 16.
165 3284 268 3361 ἀπό]
255 3217 360 3342 «inst.
452 3293 493 3343 17.
512 3288 544 3358 τῇ
579 3302 681 3342 ecorr.
700 3285 728 3339 b.
818 3283 900 3356 πρός]
920 3301 973 3338 om.
993 3305 1023 3353 φ.

101 3359 383 3439 AE]AecorrV.
456 3363 498 3413 18.
518 3359 562 3429 δε]
583 3357 682 3413 om..P
756 3356 938 3427 FA]AI'b.
1012 3353 1117 3424 AZ]Z

99 3445 131 3485 ln
149 3449 201 3490 ras.
220 3432 254 3488 V.
342 3437 383 3487 19.
403 3427 473 3502 ἐστι]
492 3447 547 3485 om.
567 3449 588 3497 φ
610 3432 677 3500 (non
694 3426 736 3497 F).
819 3433 861 3482 20.
881 3427 946 3498 καί]
966 3421 1116 3491 ἐπίπεδον,

87 3504 150 3552 καί
159 3505 182 3561 b.
259 3505 332 3577 ΑΔ]
347 3510 373 3559 A
389 3503 419 3560 in
438 3519 493 3558 ras.
508 3501 570 3556 FV.
