2340 3818
96 162 121 224 4
473 160 675 213 ΣΤΟΙΧΕΙΩΝ
694 152 745 213 ια’.

168 301 207 384 ζ’.
237 301 413 370 Ἐπίπεδον
441 300 524 390 πρὸς
552 303 709 369 ἐπίπεδον
738 296 883 385 ὁμοίως
904 303 1117 365 κεκλίσθαι

100 408 302 495 λέγεταικαὶ
321 410 436 495 ἕτερον
454 406 537 494 πρδς
557 409 681 492 ἕτερον,
703 405 784 473 ὅταν
804 407 841 471 αί
857 405 1028 492 εἰρημέναι
1046 407 1118 470 τῶν

102 520 243 581 κλίσεων
266 519 387 599 γωνίαι
411 523 480 581 ίσαι
504 512 663 599 ολλλὴλαις
686 504 778 579 ῶσιν.

169 619 213 706 η’.
246 620 487 706 Παράλληλα
511 618 648 687 ἐπίπεδοί
673 616 806 686 ἐστιτὰ
830 614 1040 702 ἀσύμπτωτα.

103 833 268 901 ἐπιπέδων
291 831 510 920 περιεχόμενα
534 841 617 899 ίσων
639 831 678 899 τὸ
702 836 840 918 πλῆθος.

170 936 205 1003 ι’.
233 935 318 1004 Ἴσα
357 936 398 1005 δέ
434 938 501 1005 καὶ
534 935 651 1024 ὅμοια
691 934 832 1024 στερεὰ
865 935 1016 1022 σχήματά
1051 936 1122 1002 ἐστι

103 1042 143 1110 τδι
167 1040 233 1110 ὑπὸ
259 1039 388 1128 ὁμοίων
407 1045 573 1111 ἐπιπέδων
591 1042 809 1131 περιεχόμενα
830 1049 914 1109 ίσων
932 1044 977 1131 τῶ
996 1038 1122 1126 πλήθει

103 1148 228 1238 καὶτῷ
252 1151 395 1234 μεγέθει.

52 1274 85 1322 10
160 1252 228 1320 ια’.
252 1255 405 1340 Στερεὰ
429 1261 554 1341 γωνία
577 1253 667 1322 ἐστὶν
690 1252 711 1340 ἡ
735 1250 801 1321 ὑπὸ
826 1251 992 1347 πλειόνων
1015 1247 1036 1338 ἡ
1056 1251 1121 1320 δύο

104 1362 268 1446 γραμμῶν
292 1357 489 1445 ἁπτομένων
513 1359 668 1447 ἆλλὴλων
690 1360 746 1427 καὶ
769 1358 814 1445 μὴ
835 1360 871 1426 ἐν
889 1360 929 1445 τῇ
949 1354 1033 1445 αὐτῇ
1053 1360 1123 1424 ἐπι-

105 1469 229 1552 φανείᾳ
252 1465 365 1532 οὐσῶν
388 1465 471 1554 πρὸς
487 1465 609 1545 πάσαις
625 1480 697 1545 ταῖς
715 1478 881 1554 γραμμαῖς
899 1468 1012 1542 κλίσις.
1045 1461 1123 1530 ’Ἁλ-

106 1576 182 1648 λως’
212 1569 327 1658 στερεὰ
351 1580 459 1656 γωνία
482 1572 573 1640 ἐστὶν
596 1571 617 1659 ἡ
640 1570 706 1640 ὑπὸ
731 1570 898 1639 πλειόνων
922 1564 942 1654 ἡ
967 1568 1030 1637 δύο
1059 1595 1123 1654 γω-

106 1677 190 1741 νιῶν
223 1677 389 1743 ἐπιπέδων
421 1679 638 1765 περιεχομένη
671 1677 715 1764 μὴ
749 1673 861 1744 οὐσῶν
892 1677 928 1752 ἐν
955 1678 1001 1765 τῷ
1030 1672 1123 1767 αὐτῷ

55 1801 87 1850 15
107 1781 250 1872 ἐπιπέδῳ
273 1781 356 1868 πρὸς
383 1783 434 1849 ἑνὶ
458 1788 582 1874 σημείῳ
607 1783 868 1868 συνισταμένων.
1038 1795 1041 1801 ’

175 1887 232 1973 ιβ’.
264 1895 445 1975 Πυραμίς
468 1891 537 1956 ἐστι
561 1892 670 1975 σχὴμα
693 1886 828 1975 στερεὸν
848 1887 1014 1964 ἐπιπέδοις
1032 1907 1124 1973 περι-

106 1992 269 2080 εχόμενον
289 1992 354 2062 ἀπὸ
374 1994 451 2074 ἐνὸς
470 1995 628 2061 ἐπιπέδου
644 1991 728 2078 πρὸς
742 1992 793 2059 ένλ
808 1998 932 2083 σημείῳ
948 1991 1125 2072 σννεστῶς.

175 2100 231 2183 ιγ’.
264 2105 424 2188 Πρίσμα
452 2099 521 2166 ἐστὶ
551 2102 661 2185 σχὴμα
684 2097 820 2186 στερεὸν
843 2098 1009 2176 ἐπιπέδοις
1032 2119 1124 2185 περι-

108 2202 283 2289 εχόμενον,
316 2197 365 2272 ῶν
397 2204 460 2272 δύο
492 2204 533 2271 τὰ
561 2201 762 2272 ἀπεναντίον
790 2213 847 2271 ίσα
873 2229 908 2270 τε
935 2203 991 2270 καλ
1019 2199 1123 2288 ὅμοιοί

55 2329 90 2377 20
109 2310 177 2376 ἐστι
204 2310 260 2376 καὶ
287 2310 497 2398 παροίλληλα,
525 2309 565 2377 τδι
594 2310 632 2377 δέ
660 2310 759 2378 λοιπδι
782 2308 1122 2395 παραλληλόγραμμα.

176 2413 234 2480 ιδ’.
243 2415 401 2500 Σφαίριί
414 2419 516 2501 ἐστιν,
523 2416 603 2483 ὅταν
612 2414 809 2503 ἡμικυκλίου
814 2412 1121 2499 μενούσηςτὴςδια-

108 2518 230 2605 μέτρου
243 2519 458 2606 περιενεχθὲν
471 2519 508 2588 τὸ
523 2518 721 2608 ἡμικύκλιον
731 2523 778 2599 είς
787 2517 824 2586 τδ
836 2515 917 2586 αὐτὸ
929 2517 1030 2585 πάλιν
1041 2516 1125 2588 ἄπο-

108 2629 313 2713 κατασταθῇ,
324 2624 408 2693 ὅθεν
418 2624 538 2714 ἡρξατο
550 2631 725 2714 φέρεσθαι,
736 2624 772 2694 εδ
784 2624 994 2712 περιληφθὲν
1005 2629 1125 2712 σχῆμα.

176 2732 227 2798 ιε’.
264 2732 385 2812 ’Ἁξων
418 2732 460 2799 δέ
491 2737 557 2819 τῆς
590 2737 762 2820 σφαίρας
793 2731 884 2799 ἐστίν
916 2728 937 2818 ἡ
971 2733 1122 2817 μένουσα

55 2855 89 2905 25
108 2833 239 2920 εὐθεῖα,
263 2838 337 2923 περὶ
361 2834 403 2923 ἡν
426 2838 463 2906 τὸ
488 2838 687 2925 ἡμικύκλιον
713 2839 897 2922 στρέφεται.

178 2941 232 3012 ις’.
269 2945 446 3032 Κέντρον
475 2944 512 3012 δέ
534 2950 601 3030 τὴς
625 2949 797 3030 σφαίρας
821 2943 890 3011 ἐστὶ
912 2942 950 3010 τὸ
975 2942 1074 3030 αὐτό,
1104 2942 1125 3013 δ

110 3047 166 3113 καλ
189 3050 249 3114 τοῦ
273 3045 480 3135 ἡμικυκλίου.

183 3203 207 3251 ε.
226 3197 300 3255 Hero
319 3200 373 3256 def.
395 3206 454 3269 ιιι,
473 3206 499 3254 ε.
585 3206 609 3254 ο.
629 3199 667 3256 ib.
688 3204 748 3266 118,
767 3205 792 3253 ν.
876 3205 917 3253 11.
936 3199 975 3253 ib.
994 3205 1036 3253 νε.

113 3272 155 3322 ιν.
172 3267 209 3323 ib.
232 3274 290 3324 100.
364 3277 406 3326 ιι.
425 3271 462 3326 ib.
483 3277 525 3325 τι.
599 3275 712 3324 ιι-ιι.
731 3269 840 3324 Psellus
858 3289 885 3339 p.
904 3275 1019 3324 49-50.

183 3408 207 3457 3.
227 3420 278 3457 ωσι
295 3404 349 3457 Vb.
457 3410 482 3457 4.
500 3401 664 3470 παράλληλα
688 3398 747 3456 ἐπί·
765 3402 794 3456 in
812 3418 875 3468 τοι,
904 3404 990 3458 -πεδα
1009 3420 1066 3472 τος.
1085 3423 1124 3462 m.

104 3472 173 3526 217.
249 3479 273 3527 σ,
294 3468 365 3544 ὑπό]
390 3489 460 3528 corr.
480 3489 514 3527 ex
532 3469 590 3528 ἀπό
610 3490 646 3525 m.
666 3478 680 3526 1
700 3472 727 3526 b.
801 3479 842 3528 12.
861 3470 943 3544 πρός]
962 3474 997 3539 Βς
1016 3469 1035 3542 ἡ
1054 3471 1127 3544 πρός
