2340 3818
100 149 171 212 370
500 149 682 202 APPENDIX
699 150 721 201 1.

103 299 185 376 AB,
215 297 290 358 ἴσον
319 290 387 358 ἐστὶ
414 294 459 380 τῷ
488 288 541 368 δὶς
567 285 634 356 ὑπὸ
663 291 731 356 τῶν
757 296 836 372 ΔΑ,
867 294 935 356 AF
957 286 1039 375 μετὰ
1062 292 1114 356 τοῦ
1162 310 1164 325 ²

101 395 166 465 ἀπὸ
195 406 253 483 τῆς
277 401 351 463 AF.
395 395 637 482 τετραπλάσιον
670 393 708 462 δὲ
734 392 772 462 τὸ
801 391 866 462 ἀπὸ
890 397 949 480 τῆς
973 401 1039 462 AB
1061 405 1114 461 τοῦ

102 501 167 571 ἀπὸ
197 506 255 590 τῆς
280 510 358 569 ΔΑ·
385 499 626 588 τετραπλάσιον
655 497 720 586 ἄρα
747 500 803 567 καὶ
826 497 863 568 τὸ
888 500 941 580 δὶς
964 498 1032 568 ὑπὸ
1055 504 1115 568 τῶν

101 617 188 694 ΛΑ,
219 614 289 676 AF
311 607 393 695 μετὰ
420 611 481 676 τοῦ
505 605 571 676 ἀπὸ
596 614 665 676 AF
686 611 749 675 τοῦ
771 605 836 676 ἀπὸ
859 615 945 674 ΑΛ·
976 606 1059 675 ὥστε
1081 605 1116 674 τὰ

67 713 167 782 τάπὸ
191 717 259 782 τῶν
285 722 369 799 ΔΑ,
396 718 462 781 AF
480 712 560 800 μετὰ
583 724 645 782 τοῦ
669 713 723 792 δὶς
744 712 811 782 ὑπὸ
835 724 904 781 τῶν
929 721 1019 800 ΔΑ,
1050 719 1116 796 AF,

102 820 183 908 ὅπερ
207 820 276 888 ἐστὶ
298 818 336 887 τὸ
360 816 425 887 ἀπὸ
445 830 504 905 τῆς
518 824 595 906 ΓΔ,
619 817 866 887 πενταπλάσιόν
885 821 956 888 ἐστι
974 824 1037 887 τοῦ
1057 817 1117 886 ἀπὸ

101 930 161 1012 τῆς
186 934 263 994 ΔΑ.
310 929 380 992 ἔστι
404 926 450 993 δέ.

507 1139 719 1218 Σύνθεσις.
771 1147 773 1150 ’
856 1201 858 1204 ,

167 1259 256 1358 Ἐπεὶ
284 1253 347 1329 οὖν
370 1261 617 1330 πενταπλάσιόν
645 1264 717 1330 ἐστι·
741 1260 779 1330 τὸ
804 1260 867 1330 ἀπὸ
891 1271 951 1347 τῆς
975 1267 1040 1330 ΓΔ
1061 1272 1116 1330 τοῦ

51 1384 84 1433 10
103 1363 168 1433 ιἰιιὸ
196 1376 255 1454 τῆς
279 1376 359 1453 ΔΑ,
387 1365 425 1435 τὸ
455 1366 492 1435 δὲ
519 1364 585 1436 ἀπὸ
614 1372 673 1455 τῆς
695 1374 758 1435 ΓΔ
785 1367 825 1436 τὰ
854 1365 919 1436 ἀπὸ
945 1371 1015 1437 τῶν
1041 1376 1119 1454 ΔΑ,

102 1477 172 1539 ΑΓ
190 1474 259 1540 ἐστι
277 1473 358 1560 μετὰ
376 1476 437 1540 τοῦ
457 1474 509 1553 δὶς
527 1471 593 1541 ὑπὸ
615 1478 683 1542 τῶν
701 1481 786 1558 ΔΑ,
805 1481 884 1560 ΑΓ,
907 1473 948 1542 τὰ
969 1473 1039 1560 ἄρα
1058 1473 1117 1542 ἀπὸ

101 1581 170 1645 τῶν
190 1585 275 1664 ΔΑ,
295 1584 365 1647 AF
383 1578 464 1665 μετὰ
486 1584 547 1647 τοῦ
572 1578 624 1659 δὶς
646 1577 712 1648 ὑπὸ
729 1584 799 1648 τῶν
819 1589 899 1666 ΔΑ,
919 1587 992 1649 ΑΓ
1004 1606 1119 1650 πεντα-

102 1683 227 1752 πλάσιιῖ
256 1686 324 1752 ἐστι
351 1690 411 1752 τοῦ
440 1683 505 1753 ἀπὸ
532 1693 610 1753 ΔΑ.
644 1686 790 1753 διελόντι
817 1685 854 1754 τὸ
879 1687 931 1766 δὶς
961 1684 1029 1756 ὑπὸ
1058 1690 1119 1754 τῶν

104 1797 190 1875 ΔΑ,
219 1795 289 1857 AF
312 1790 392 1876 μετὰ
421 1801 482 1858 τοῦ
510 1789 576 1858 ἀπὸ
607 1795 664 1878 τῆς
692 1796 761 1859 AF
783 1792 1027 1881 τετραπλάσιόν
1058 1796 1120 1861 ἐστι

52 1913 85 1962 15
104 1900 164 1964 τοῦ
188 1894 254 1964 ἀπὸ
277 1901 336 1982 τῆς
354 1905 437 1963 AA·
462 1903 531 1965 ἔστι
554 1897 670 1966 δὲκαὶ
693 1896 730 1966 τὸ
753 1897 818 1967 ἀπὸ
844 1901 903 1985 τῆς
920 1907 987 1965 AB
1011 1924 1120 1983 τετρα-

103 2001 247 2070 πλάσιον
270 2006 331 2070 τοῦ
355 2000 420 2071 ἀπὸ
439 2011 522 2071 ΑΔ·
546 2002 584 2072 τὸ
609 2003 676 2092 ἄρα
700 2004 752 2084 δὶς
769 2001 836 2072 ὑπὸ
857 2015 925 2072 τῶν
944 2012 1027 2090 ΛΑ,
1049 2008 1120 2087 AF,

104 2106 184 2195 ὅπερ
208 2109 277 2176 ἐστὶ
300 2108 337 2177 τὸ
362 2109 448 2191 ἅπαξ
471 2107 536 2177 ὑπὸ
559 2114 628 2178 τῶν
651 2117 733 2195 BA,
757 2115 837 2194 AF,
866 2107 947 2195 μετὰ
971 2114 1034 2178 τοῦ
1059 2107 1120 2177 ἀπὸ

103 2220 179 2299 AF,
210 2223 286 2282 ἴσον
309 2217 379 2283 ἐστὶ
406 2219 451 2306 τῷ
479 2215 543 2284 ἀπὸ
573 2220 632 2302 τῆς
659 2223 735 2284 AB.
784 2213 870 2284 ἀλλὰ
897 2215 934 2283 τὸ
963 2213 1031 2283 ἀπὸ
1067 2220 1122 2302 τῆς

103 2327 169 2388 ΑΒ
196 2318 234 2386 τὸ
263 2318 329 2387 ὑπὸ
353 2328 433 2407 AB,
457 2327 524 2389 ΒΓ
548 2324 616 2391 ἐστι
644 2319 724 2409 μετὰ
752 2326 812 2390 τοῦ
839 2318 905 2389 ὑπὸ
929 2328 1013 2407 BA,
1043 2326 1123 2390 AF·

51 2446 85 2494 20
103 2425 141 2494 τὸ
170 2425 235 2511 ἄρα
263 2422 328 2492 ὑπὸ
353 2435 433 2511 ΒΑ,
461 2434 531 2496 AF
553 2426 634 2514 μετὰ
662 2431 723 2494 τοῦ
750 2424 816 2496 ὑπὸ
846 2434 926 2511 AB,
955 2433 1024 2496 BF
1050 2436 1123 2496 ἴσον

105 2532 174 2601 ἐστὶ
197 2536 241 2624 τῷ
266 2529 331 2599 ὑπὸ
356 2539 440 2619 BA,
459 2540 532 2602 AF
550 2532 630 2621 μετὰ
653 2538 714 2602 τοῦ
738 2530 804 2601 ἄιτὸ
824 2539 901 2601 AF·
924 2534 981 2601 καὶ
1004 2543 1123 2602 κοινοῦ

105 2638 349 2728 ἀφαιρεθέντος
371 2643 433 2707 τοῦ
456 2638 521 2708 ὑπὸ
544 2648 626 2726 BA,
651 2644 730 2725 AF,
759 2638 878 2707 λοιπὸν
902 2638 969 2724 ἄρα
992 2638 1032 2708 τὸ
1058 2637 1122 2707 ὑπὸ

105 2755 186 2831 AB,
210 2752 276 2813 BF
296 2754 371 2813 ἴσον
395 2747 463 2813 ἐστὶ
486 2749 531 2837 τῷ
555 2744 620 2814 ἀπὸ
645 2752 723 2813 AF·
748 2751 839 2812 ἔστιν
862 2744 928 2829 ἄρα
952 2745 997 2824 ὡς
1022 2744 1043 2833 ἡ
1065 2753 1124 2811 BA

105 2851 188 2939 πρὸς
211 2851 273 2937 τὴν
291 2857 366 2937 ΑΓ,
391 2851 497 2930 οὕτως
519 2848 540 2938 ἡ
560 2857 628 2918 ΑΓ
646 2849 729 2936 πρὸς
751 2849 815 2937 τὴν
834 2856 903 2918 FB.
945 2856 1069 2937 μείζων
1089 2849 1124 2918 δὲ

52 2974 86 3023 25
105 2954 126 3043 ἡ
148 2965 214 3023 BA
236 2961 385 3042 τῆςΑΓ·
409 2963 527 3043 μείζων
551 2956 617 3044 ἄρα
638 2958 694 3024 καὶ
717 2954 822 3043 ἡΑΓ
840 2967 898 3043 τῆς
916 2962 995 3023 ΓΒ·
1020 2956 1123 3043 ἡΑΒ

106 3060 172 3146 ἄρα
197 3060 301 3149 ἄκρον
323 3063 379 3128 καὶ
403 3064 506 3148 μέσον
529 3062 634 3150 λόγον
657 3064 810 3150 τέτμηται
833 3059 915 3129 κατὰ
938 3061 976 3129 τὸ
1000 3069 1041 3147 Γ,
1070 3062 1123 3129 καὶ

106 3166 144 3234 τὸ
169 3174 280 3253 μεῖζον
303 3168 414 3255 τμῆμά
438 3171 528 3237 ἐστιν
552 3167 572 3255 ἡ
596 3175 675 3236 AF·
722 3170 803 3255 ὅπερ
828 3172 895 3237 ἔδει
919 3171 1034 3248 δεῖξαι.

179 3404 203 3450 4.
224 3392 280 3451 ἀπὸ
300 3399 349 3467 τῆς
367 3402 422 3451 AF
437 3399 471 3452 V.
545 3399 665 3467 τῆςΑΔ
684 3401 717 3455 V.
787 3395 834 3470 τά]
854 3394 885 3453 τό
906 3416 932 3467 q.
1007 3403 1032 3454 5.
1054 3394 1123 3468 μετά

98 3500 133 3512 -
152 3470 228 3546 AF]
247 3488 334 3545 supra
352 3489 390 3526 m.
409 3477 426 3526 2
445 3471 478 3526 B.
560 3467 635 3539 ὺπίή
651 3466 708 3523 ἀπὸ
727 3488 757 3536 q.
842 3476 869 3523 (3.
888 3465 962 3522 ἐστίν
981 3470 1041 3524 ΡΒ.
