2340 3818
112 160 153 224 76
483 161 684 212 ΣΤΟΙΧΕΙΩΝ
702 156 753 214 ια’.

109 300 150 367 τά
178 299 243 388 άρα
271 306 346 388 τρία
374 300 490 388 στερεὰ
516 301 557 368 τά
583 309 667 387 ΛΠ,
696 309 777 386 ΚΡ,
800 310 832 369 A
841 309 870 367 Y
890 309 946 369 ίσα
969 296 1125 387 ἀλλήλοις

111 409 210 475 ἐστίν.
260 405 317 475 διά
343 405 384 474 τά
412 405 496 476 αὑτά
525 407 567 494 δὴ
590 408 647 475 καὶ
672 406 713 475 τά
735 413 811 495 τρία
834 406 950 495 στερεά
974 404 1015 474 τά
1039 413 1125 490 ΕΔ,

111 521 206 600 ΛΜ,
226 521 304 582 ΜΤ
319 522 375 582 ίσα
398 510 555 601 ἀλλήλοις
578 516 683 582 ἐστίν·
709 511 924 583 ὁσαπλασίων
946 511 1018 610 άραΙ
1032 510 1124 579 ἐστὶν

110 618 130 708 ἡ
160 626 237 700 ΛΖ,
255 618 353 706 βάσις
383 623 441 706 τῆς
468 629 500 686 Α
507 627 533 686 Ζ
562 619 706 706 βάσεως,
739 619 1028 689 τοσαυταπλάσιόν
1057 620 1128 686 ἐστι

75 727 166 795 σααὶ
192 725 230 794 τὸ
256 733 325 792 AY
348 723 486 812 στερεδν
511 736 573 794 τοῦ
596 735 664 795 AY
689 730 834 813 στερεοῦ.
884 723 942 794 διὰ
968 723 1009 793 τά
1039 719 1126 791 αῦτδι

111 831 153 919 δὴ
182 831 396 900 ὁσαπλασίων
429 833 519 900 ἐστὶν
546 830 567 919 ἡ
590 839 658 900 ΝΖ
686 832 783 919 βάσις
810 837 868 920 τῆς
896 839 957 899 ΖΘ
984 830 1126 916 βάσεως,

109 936 398 1006 τοσαυταπλάσιόν
422 939 491 1007 ἐστι
512 940 569 1006 καὶ
591 938 629 1007 τὸ
649 946 687 1007 Ν
692 949 721 1007 Y
741 939 877 1027 στερεὸν
895 942 957 1007 τοῦ
976 945 1044 1004 ΘΥ
1059 955 1127 1004 στε-

111 1047 199 1131 ρεοῦ.
249 1043 305 1111 καὶ
333 1047 363 1111 εί
390 1052 445 1131 ίση
479 1045 569 1113 ἐστίν
597 1043 618 1132 ἡ
642 1052 707 1113 ΛΖ
734 1045 832 1131 βάσις
858 1049 898 1134 τη]
921 1051 989 1112 ΝΖ
1017 1044 1126 1128 βάσει,

111 1159 187 1218 ίσον
211 1149 279 1217 ἐστὶ
302 1150 357 1217 καί
381 1149 418 1218 τὸ
441 1157 510 1217 ΛΤ
530 1150 667 1237 στερεὸν
689 1156 734 1243 τῷ
758 1159 797 1219 Ν
802 1160 831 1219 Y
851 1154 988 1242 στερεῷ,
1016 1148 1073 1216 καὶ
1097 1150 1127 1215 εί

58 1277 92 1327 10
110 1254 261 1343 ὑπερέχει
289 1253 309 1343 ἡ
334 1264 398 1324 ΛΖ
424 1256 522 1344 βάσις
549 1262 607 1345 τῆς
634 1266 701 1325 ΝΖ
723 1257 868 1344 βάσεως,
895 1255 1047 1344 ὑπερέχει
1070 1253 1126 1321 καί

110 1359 148 1430 τὸ
172 1368 242 1429 AY
261 1361 397 1450 στερεὸν
420 1369 481 1432 τοῦ
503 1371 542 1432 Ν
547 1373 577 1431 Y
596 1368 748 1451 στερεοῦ,
771 1365 827 1432 καὶ
849 1368 881 1432 εί
902 1366 1055 1447 ἐλλείπει,
1076 1362 1126 1428 έλ-

111 1473 223 1538 λείπει.
269 1468 441 1555 τεσσάρων
474 1470 515 1557 δὴ
549 1469 660 1539 ὄντων
688 1475 853 1557 μεγεθῶν,
886 1469 949 1538 δῦο
979 1468 1042 1555 μὲν
1069 1467 1127 1552 βά-

112 1596 198 1642 σεων
220 1579 289 1644 τῶν
313 1583 393 1661 ΛΖ,
421 1582 498 1660 ΖΘ,
527 1575 590 1644 δύο
619 1576 657 1644 δὲ
684 1581 828 1663 στερεῶν
855 1587 922 1644 τῶν
945 1583 1028 1659 AY,
1054 1579 1126 1657 ΤΘ,

112 1689 261 1767 είληπται
284 1680 393 1760 ἰσάκις
415 1679 646 1748 πολλαπλάσια
668 1684 728 1767 τῆς
750 1680 812 1766 μὲν
830 1689 895 1748 ΑΖ
918 1681 1048 1766 βάσεως
1071 1679 1128 1748 καὶ

59 1806 92 1856 15
111 1791 172 1854 τοῦ
195 1795 265 1854 AY
284 1790 420 1874 στερεοῦ
443 1783 465 1872 ἦ
488 1811 523 1853 τε
545 1793 610 1852 ΛΖ
632 1784 730 1871 βάσις
752 1785 863 1854 καὶτὸ
886 1794 956 1854 ΛΤ
975 1783 1125 1873 στερεόν,

111 1897 169 1979 τῆς
197 1891 234 1960 δὲ
261 1899 325 1959 ΘΖ
357 1889 486 1976 βάσεως
516 1891 572 1958 καὶ
603 1894 665 1959 τοῦ
692 1899 759 1958 ΘΥ
783 1897 919 1980 στερεοῦ
947 1891 969 1980 ἥ
999 1919 1034 1961 τε
1057 1897 1127 1958 ΝΖ

111 1997 209 2083 βάσις
230 1999 286 2065 καὶ
309 1996 347 2064 τὸ
366 2004 405 2065 Ν
410 2005 440 2063 Y
454 1997 600 2084 στερεόν,
623 1997 679 2065 καὶ
703 1999 881 2085 δέδεικται,
905 1998 956 2067 ὅτι
979 2003 1011 2065 εί
1026 1996 1129 2086 ὑπερ-

58 2136 64 2146 ·
112 2106 177 2189 ε’χει
209 2099 229 2189 ἡ
254 2110 319 2170 ΛΖ
351 2102 448 2188 βάσις
474 2108 532 2189 τῆς
556 2110 624 2171 ΖΝ
650 2103 793 2190 βάσεως,
825 2100 976 2190 ὑπερέχει
1003 2105 1060 2171 καὶ
1089 2100 1128 2171 τὸ

112 2216 181 2275 ΛΥ
200 2207 336 2295 στερεὸν
358 2213 420 2277 τοῦ
439 2217 478 2276 Ν
483 2217 512 2276 Y
532 2214 708 2297 [στερεοῦ],
730 2210 787 2277 καὶ
811 2215 842 2278 εί
864 2218 935 2297 ἴση,
959 2219 1046 2298 ίσον,
1072 2211 1128 2280 ιιαὶ

59 2337 94 2386 20
112 2319 143 2382 ει’
166 2315 317 2399 ἐλλείπει,
341 2318 489 2383 ἐλλείπει.
518 2321 608 2383 ἔστιν
631 2313 697 2403 άρα
722 2313 767 2394 ὣς
789 2313 809 2401 ἡ
834 2322 898 2383 ΑΖ
920 2316 1019 2401 βάσις
1040 2315 1127 2405 πρὸς

111 2418 172 2507 τὴν
202 2428 262 2487 ΖΘ
289 2420 406 2507 βάσιν,
435 2421 541 2501 οὕτως
567 2420 604 2489 τὸ
629 2430 697 2488 ΛΥ
722 2418 857 2508 στερεὸν
884 2418 967 2507 πρὸς
996 2426 1034 2490 τὸ
1070 2428 1129 2490 ΤΘ

112 2526 260 2614 στερεόν·
286 2524 367 2615 ὅπερ
391 2531 459 2595 ἔδει
482 2528 595 2608 δεῖξαι.

586 2684 649 2756 κε’.

180 2793 287 2880 Πρὸς
314 2797 358 2880 τῇ
383 2797 550 2881 δοθείσῃ
579 2790 721 2883 εῦδείηι
747 2793 884 2885 καὶτῷ
908 2791 1128 2885 πρὸςαῦτῇ

59 2920 93 2969 25
113 2906 258 2991 σημείῳ
282 2903 325 2986 τη
350 2904 519 2988 δοθείση
545 2903 682 2988 στερεᾷ
706 2905 830 2990 γωνίᾳ
849 2908 940 2987 ίσην
960 2902 1128 2989 στερεὰν

112 3012 261 3092 γωνίαν
286 3004 570 3092 συστήσασθαι.

185 3207 207 3256 1.
228 3196 299 3272 ἄρα]
324 3195 447 3268 &supra
465 3220 500 3256 m.
519 3219 574 3258 reo.
593 3202 628 3270 P;
653 3206 719 3274 ηοεί
736 3221 790 3259 ras.
810 3211 826 3259 2
845 3204 900 3258 litt„
918 3203 949 3258 F.
1040 3202 1078 3260 τά
1113 3223 1130 3260 ο

112 3289 180 3327 corr.
200 3272 232 3327 V.
288 3271 361 3395 ΛΙΠἘ]
379 3276 444 3326 ΚΗ
460 3272 493 3358 ΡΞ
514 3289 598 3342 supra
616 3280 640 3329 Λ
659 3293 710 3330 scr.
729 3281 751 3328 Α
770 3294 806 3330 m.
824 3281 837 3328 1
852 3276 879 3329 b.
943 3281 969 3362 ξ.
988 3269 1050 3329 ἐστί
1092 3275 1129 3346 V,

111 3343 321 3469 mm:
339 3385 368 3468 ι·
460 3345 813 3487 νινηαη
840 3347 1032 3471 ,ειν

59 3540 67 3599 b
103 3489 358 3542 τοσανταπλασιλον
377 3486 395 3540 b
415 3491 444 3543 et
463 3504 478 3542 e
497 3503 566 3543 corr.
585 3487 615 3542 P.
689 3495 713 3545 7.
733 3483 805 3559 ἔστι]
823 3505 906 3558 supra
924 3506 960 3542 m.
982 3494 995 3541 1
1015 3486 1045 3541 Ρ.
