2340 3818
103 135 147 201 84
476 135 677 207 ΣΤΟΙΧΕΙΩΝ
696 130 747 188 ια’.

102 277 252 368 γράμμῳ.
286 275 343 345 διὰ
365 276 405 344 τά
430 274 514 345 αὐτὰ
538 275 581 364 δὴ
596 277 660 343 Ιπαὶ
683 275 720 344 τὸ
745 276 806 363 μὲν
825 283 892 344 ΚΘ
909 275 1118 363 παραλληλό-

103 410 256 470 γραμμον
284 387 329 475 τῷ
358 389 427 450 ΗΖ
454 382 788 474 παραλληλογράμμῳ
817 380 935 469 ὅμοιόν
966 382 1034 449 ἐστι
1064 382 1118 449 καὶ

103 495 152 558 ἐτι
180 488 217 557 τὸ
244 496 309 556 ΖΕ
332 492 378 580 τῷ
402 496 476 555 ΘΒ·
506 494 581 576 τρία
608 488 674 576 ἀρα
700 488 1030 576 παραλληλόγραμμα
1058 492 1117 555 τοῦ

104 602 171 664 ΓΛ
198 600 335 683 στερεοῦ
362 596 450 680 τρισὶ
479 594 837 682 παραλληλογράμμοις
863 598 924 661 τοῦ
953 602 985 660 Α
991 600 1022 660 Λ
1051 614 1117 662 στε-

68 721 85 771 ο
104 705 184 788 ρεοῦ
203 700 303 789 ὅμοιά
324 703 422 770 ἐστιν.
459 698 543 768 ἀλλά
561 699 602 768 τὰ
621 701 683 788 μὲν
701 704 776 787 τρία
789 701 877 789 τρισὶ
892 713 961 780 τοῖς
974 698 1117 768 ἀπεναν-

103 814 177 877 τίον
209 816 265 875 ίσα
296 809 335 876 τέ
365 809 433 875 ἐστι
463 807 519 874 καί
547 804 663 895 ὅμοια,
695 807 735 875 τά
765 806 803 874 δέ
830 812 905 894 τρία
933 807 1021 890 τρισὶ
1050 819 1117 885 τοῖς

103 912 306 982 ἀπεναντίον
335 921 391 980 ίσα
418 914 456 980 τέ
481 914 628 981 ἐστικαὶ
652 911 763 999 ὅμοια·
792 911 874 980 ὅλον
902 910 967 1000 ἀρα
991 909 1028 980 τὸ
1053 918 1117 979 ΓΛ

105 1019 240 1108 στερεὸν
263 1018 330 1111 ὅλῳ
354 1023 400 1111 τῳ
425 1025 493 1087 ΑΛ
516 1023 636 1111 στερεῷ
660 1017 781 1107 ὅμοιόν
805 1021 905 1088 ἐστιν.

168 1123 245 1193 Ἀπδ
275 1128 333 1211 τῆς
363 1129 522 1211 δοθείσης
549 1122 614 1210 ἀρα
642 1122 778 1205 εὐθείας
803 1129 862 1212 τῆς
891 1132 957 1192 ΑΒ
989 1128 1035 1216 τῷ
1065 1127 1118 1192 δο-

53 1256 86 1305 10
104 1233 199 1300 θέντι
223 1234 340 1324 στερεῷ
364 1231 680 1322 παραλληλεπιπέδῳ
703 1240 748 1321 τῷ
772 1237 840 1298 ΓΔ
863 1230 983 1318 ὅμοιόν
1006 1229 1118 1298 τεκαὶ

105 1334 228 1426 ὁμοίως
263 1343 418 1423 κείμενον
455 1330 702 1425 ἀναγέγραπται
739 1335 776 1406 τὸ
811 1346 894 1405 ΑΛ·
933 1335 1013 1425 ὅπερ
1053 1339 1118 1403 ἐδει

107 1447 253 1530 ποιῆσαι.

578 1550 644 1636 κη’.

169 1671 258 1740 Ἐὰν
300 1672 462 1762 στερεὸν
503 1679 900 1760 παραλληλεπίπεδον
947 1673 1118 1765 ἐπιπέδῳ

55 1804 87 1852 ιο
106 1783 236 1868 τμηθῇ
270 1779 368 1847 κατὰ
399 1779 468 1858 τὰς
500 1783 741 1865 διαγωνίους
772 1782 849 1847 τῶν
878 1777 1120 1847 ἀπεναντίον

106 1887 319 1971 ἐπιπέδων,
338 1889 428 1972 δίχα
447 1885 694 1971 τμηθήσεται
712 1881 754 1953 τὸ
775 1882 937 1969 στερεὸν
956 1881 1031 1952 ὑπὸ
1051 1887 1119 1951 τοῦ

107 1992 304 2059 ἐπιπέδου.

174 2096 322 2183 Στερεὸν
354 2095 418 2184 γὰρ
450 2102 781 2183 παραλληλεπίπεδον
812 2093 851 2164 τὸ
879 2103 945 2163 ΑΒ
978 2096 1119 2186 ἐπιπέδῳ

106 2207 151 2295 τῳ
168 2209 301 2270 ΓΔΕΖ
320 2202 495 2289 τετμήσθω
518 2203 601 2270 κατὰ
624 2202 683 2283 τὰς
707 2206 909 2288 διαγωνίους
931 2212 999 2269 τῶν
1024 2201 1121 2269 ἀπεν-

54 2332 89 2381 20
108 2314 226 2376 αντίον
246 2308 413 2374 ἐπιπέδων
431 2307 491 2385 τὰς
508 2312 583 2393 ΓΖ,
604 2315 685 2383 ΔΕ·
709 2309 806 2394 λέγω,
830 2304 882 2375 ὅτι
901 2310 978 2394 δίχα
996 2306 1121 2394 τμηθη

108 2435 200 2483 σεται
222 2411 260 2481 τὸ
284 2422 315 2480 Α
322 2421 349 2480 Β
373 2411 507 2499 στερεὸν
531 2410 596 2481 ὑπὸ
619 2423 680 2480 τοῦ
704 2419 838 2480 ΓΔΕΖ
862 2414 1029 2482 ἐπιπέδου.

173 2517 261 2587 Ἐπεὶ
293 2518 358 2605 γὰρ
393 2525 469 2585 ίσου
500 2518 569 2585 ἐστὶ
597 2517 634 2587 τὸ
665 2519 726 2607 μέν
754 2525 853 2586 ΓΗΖ
883 2524 1050 2605 τρίγωνον
1077 2522 1120 2609 τῳ

109 2633 203 2694 ΓΖΒ
227 2623 396 2716 τριγώνῳ,
419 2624 457 2692 τὸ
478 2623 515 2691 δὲ
533 2632 640 2691 ΑΔΕ
657 2635 702 2716 τῳ
723 2633 839 2712 ΛΕΘ,
863 2631 932 2694 ἔστι
955 2624 993 2693 δέ
1011 2624 1067 2690 καὶ
1085 2622 1121 2691 τὸ

110 2733 171 2820 μὲν
194 2739 259 2800 ΓΑ
281 2729 630 2818 παραλληλόγραμμον
652 2742 697 2824 τῷ
722 2739 784 2800 ΕΒ
808 2740 897 2801 ίσου·
920 2731 1122 2799 ἀπεναντίον

57 2859 91 2908 25
109 2838 188 2924 γάρ·
211 2835 249 2903 τδ
275 2836 313 2903 δὲ
335 2843 406 2903 ΗΕ
425 2845 471 2927 τῳ
495 2841 571 2922 ΓΘ,
595 2836 650 2904 καὶ
673 2836 710 2904 τδ
735 2844 861 2924 πρίσμα
884 2833 1010 2923 ἀρατδ
1035 2861 1121 2925 περι-

183 3037 207 3084 1.
227 3027 359 3100 ρέψας.
379 3028 494 3083 m.1V.
549 3038 574 3086 3.
589 3031 650 3100 τοῦ]
669 3049 725 3102 mg.
740 3050 776 3086 m.
793 3032 858 3098 1V;
878 3034 943 3087 ante
956 3033 1011 3087 hoc
1024 3033 1120 3089 uocab.

113 3120 170 3171 rep.
189 3101 237 3155 lin.
257 3106 282 3154 2.
302 3094 401 3168 ὅμοιόν
421 3130 454 3139 -
473 3106 498 3157 3.
517 3103 576 3171 τοῦ,
595 3103 643 3156 sed
663 3102 746 3157 delet.
766 3122 801 3156 m.
824 3109 837 3156 1
857 3102 890 3158 V.
945 3110 970 3158 4.
989 3106 1078 3174 τρισίν
1091 3102 1122 3157 B.

174 3181 198 3228 6.
217 3172 259 3242 τε]
280 3187 334 3225 om.
353 3170 382 3224 Ρ.
446 3167 481 3225 τὰ
500 3170 532 3227 δέ
552 3206 585 3214 -
605 3180 628 3230 7.
648 3168 743 3264 ὅμοια]
763 3174 874 3243 punctis
893 3173 948 3228 del.
966 3175 993 3240 b,
1013 3174 1068 3232 ἀεὶ
1086 3191 1121 3228 m.

113 3251 129 3300 2
144 3245 175 3312 B,
194 3260 248 3298 om.
263 3241 325 3297 FV.
380 3249 404 3296 6.
423 3244 511 3310 τρισίν
526 3245 555 3297 Ρ.
616 3249 641 3298 9.
661 3264 717 3314 αρα
732 3246 866 3306 δοθείσας
880 3244 977 3299 Theon
992 3245 1121 3315 (BFVb).

168 3321 209 3367 12.
224 3313 352 3394 ποιῆσαι]
368 3314 461 3378 δεῖξαι
474 3312 590 3383 PFVb3
606 3335 647 3384 γρ.
662 3318 779 3384 ποιῆσαι
793 3333 848 3384 mg.
863 3333 899 3369 m.
916 3316 969 3372 lb.
1026 3322 1067 3370 13.
1077 3311 1120 3438 λς

112 3387 142 3441 F.
198 3385 569 3456 16.-μη-1οεωε,ω.1Ρ.
631 3392 673 3441 21.
693 3381 749 3441 ὑπδ
765 3386 815 3440 τοῦ
830 3389 880 3440 ΓΔ
898 3386 995 3442 intas,
1010 3393 1076 3441 m.1
1116 3426 1122 3438 .

171 3463 214 3513 23.
236 3451 424 3511 FZ'‘B'Vb.
481 3453 555 3512 ἔστιν
573 3456 604 3511 Ρ.
663 3456 729 3527 καί]
749 3455 797 3510 καλ
816 3451 853 3519 οἱς
870 3456 901 3513 Ρ.
960 3463 1002 3513 24.
1023 3460 1075 3512 ΒΕ
1093 3457 1122 3512 F.
