2340 3818
99 139 140 201 16
468 136 671 188 ΣΤΟΙΧΕΙΩΝ
689 129 741 188 ια’.

98 285 159 345 ΖΘ
182 280 272 345 ἐστιν
295 286 360 364 ίση.
408 278 463 344 καλ
486 275 557 344 ἐπεί
580 274 681 342 πάλιν
705 282 760 360 ίση
785 271 920 362 ἐδείχθη
945 271 965 360 ἡ
985 280 1056 341 ΗΕ
1072 277 1111 362 τῇ

98 390 175 467 ΕΘ,
198 382 294 470 κοινὴ
320 383 358 452 δέ
380 381 401 470 ἡ
426 389 505 468 ΕΖ,
534 380 597 449 δύο
622 380 664 468 δὴ
689 383 726 447 αί
746 388 831 466 ΗΕ,
855 388 917 447 ΕΖ
941 380 1019 447 δυσί
1041 394 1114 460 ταῖς

98 496 176 574 ΘΕ,
202 497 264 557 ΕΖ
292 499 362 558 ίσαι
385 493 484 556 είσίν·
512 487 568 553 καλ
596 486 694 572 βάσις
720 484 740 574 ἡ
771 494 843 554 ΖΗ
864 486 961 571 βάσει
988 491 1028 574 τῇ
1053 494 1114 554 ΖΘ

99 603 169 680 ίση·
202 601 308 682 γωνία
340 595 406 682 ἀρα
438 593 459 679 ἡ
492 590 559 661 ὑπὸ
587 601 689 660 ΗΕΖ
717 600 825 683 γωνία
851 597 891 681 τῇ
922 590 988 660 ὑπὸ
1016 599 1114 660 ΘΕΖ

65 709 155 786 ῖίση
180 704 278 769 ἐστίν.
327 697 415 786 ὀρθὴ
444 696 510 785 ἀρα
533 698 669 781 ἑκατέρα
696 703 764 767 τῶν
787 696 852 767 ὑπὸ
876 707 993 784 ΗΕΖ,
1017 705 1115 766 ΘΕΖ

101 817 244 892 γωνιῶν.
289 802 309 890 ἡ
335 811 399 870 ΖΕ
419 802 486 892 ἀρα
510 803 593 890 πρὸς
615 803 677 890 τὴν
696 811 764 871 ΗΘ
785 804 953 892 τυχόντως
977 803 1033 872 διὰ
1052 808 1115 873 τοῦ

100 920 131 979 Ε
153 910 315 997 ἀχθεῖσαν
339 905 429 997 ὀρθή
459 911 558 978 ἐστιν.
604 907 728 997 ὁμοίως
755 909 798 997 δὴ
821 914 988 997 δείξομεν,
1017 899 1113 998 δτιὴ

101 1025 164 1084 ΖΕ
184 1017 239 1083 καλ
262 1015 345 1103 πρὸς
367 1015 475 1095 πάσας
497 1015 555 1095 τὰς
578 1013 765 1102 ἁπτομένας
784 1014 887 1104 αὐτῆς
905 1015 1039 1097 εὐθείας
1058 1018 1115 1085 καὶ

100 1121 202 1200 οὐσας
231 1125 267 1189 έν
294 1125 339 1213 τῷ
368 1120 575 1213 ὑποκειμένῳ
600 1123 742 1214 ἐπιπέδῳ
767 1120 874 1210 ὀρθὰς
896 1122 1027 1209 ποιήσει
1049 1149 1115 1208 γω-

48 1247 80 1295 10
99 1233 182 1306 νίας.
237 1226 354 1295 εὐθεῖα
391 1227 429 1296 δὲ
459 1227 543 1315 πρὸς
575 1230 732 1296 ἐπίπεδον
765 1225 854 1316 ὀρθή
887 1230 991 1314 ἐστιν,
1030 1227 1115 1297 ὅταν

99 1332 182 1419 πρὸς
209 1332 317 1412 πάσας
343 1332 401 1412 τὰς
428 1331 614 1420 ἁπτομένας
642 1332 744 1420 αὐτῆς
771 1332 906 1413 εὐθείας
932 1335 987 1401 καλ
1011 1333 1117 1416 οὐσας

100 1439 136 1505 έν
164 1443 210 1530 τῳ
234 1435 323 1528 αὐτῷ
348 1440 490 1531 ἐπιπέδῳ
515 1436 624 1527 ὐρθὰς
651 1445 729 1528 ποιῇ
753 1433 889 1526 μανίας·
916 1438 937 1525 ἡ
962 1447 1026 1507 ΖΕ
1047 1435 1117 1529 ἀρα

99 1547 145 1634 τῷ
164 1541 371 1635 ὑποκειμένῳ
392 1545 534 1636 ἐπιπέδῳ
553 1544 637 1633 πρὸς
661 1544 769 1633 ἀρθάς
788 1546 886 1613 ἐστιν.
917 1543 955 1613 τὸ
976 1545 1014 1612 δὲ
1031 1544 1115 1615 ὐπο-

100 1653 254 1734 κείμενον
278 1648 434 1716 ἐπίπεδόν
458 1652 527 1716 ἐστι
550 1649 588 1717 τὸ
608 1648 669 1751 διὰ
683 1654 750 1718 τῶν
769 1658 834 1717 ΑΒ
840 1703 850 1735 ,
869 1656 936 1717 ΓΔ
954 1649 1112 1721 εὐθειῶν.

48 1751 120 1840 1οὴ
150 1761 215 1822 ΖΕ
241 1753 307 1840 ἀρα
335 1752 417 1841 πρὸς
445 1752 552 1837 ὀρθάς
580 1756 649 1821 ἐστι
675 1764 721 1845 τῷ
750 1754 806 1822 διά
837 1760 904 1823 τῶν
931 1763 1013 1842 ΑΒ,
1046 1763 1116 1826 ΓΑ

101 1862 254 1950 ε’πιπέδῳ.

165 1962 243 2031 Ἐἁν
267 1963 331 2051 ἀρα
355 1962 472 2032 εὐθεῖα
495 1963 558 2031 δύο
582 1962 730 2045 εὐθείαις
752 1967 950 2053 τεμνούσαις
969 1966 1116 2055 ἀλλήλας

103 2174 151 2242 δι’
173 2174 284 2243 αὐτῶν
304 2177 446 2264 έπιπέδῳ
466 2173 550 2262 πρὸς
569 2173 678 2260 ὀρθὰς
697 2182 801 2246 ἔσται·
821 2180 902 2267 ὅπερ
916 2183 984 2247 ἔδει
998 2182 1107 2262 δεῖξαι

51 2370 85 2420 20
593 2352 631 2422 ε’.

166 2471 253 2542 Ἐἁν
295 2472 435 2543 εὐθεῖα
475 2476 606 2562 τρισίν
649 2475 829 2558 εὐθείαις
870 2476 1118 2565 ἁπτομέναις

102 2578 281 2664 ἀλλήλοιν
305 2580 403 2667 πρὸς
426 2579 551 2668 ὀρθὰς
570 2583 632 2649 ἐπί
649 2587 716 2670 τῆς
738 2587 877 2669 κοινῆς
895 2590 1013 2670 τομῆς
1033 2588 1118 2655 ἐπι-

103 2688 243 2772 σταθῇ,
273 2688 314 2751 αί
338 2699 443 2774 τρεῖς
471 2684 628 2755 εὐθεῖαι
656 2689 696 2754 έν
720 2687 784 2754 ἑνί
804 2691 906 2754 εἰσιν
929 2689 1117 2785 ἐπιπέδῳ.

169 2787 301 2856 Εὐθεῖα
328 2788 393 2877 γάρ
420 2817 470 2870 τις
496 2788 517 2878 ἡ
542 2801 606 2859 ΑΒ
633 2792 743 2880 τρισὶν
771 2790 920 2874 εὐθείαις
946 2807 1018 2874 ταῖς
1041 2805 1070 2864 Β
1077 2806 1117 2886 Γ,

49 2914 83 2964 25
102 2902 185 2978 ΒΔ,
212 2901 279 2961 ΒΕ
304 2894 388 2984 πρὸς
416 2893 524 2984 ὀρθὰς
546 2897 598 2965 ἐπὶ
628 2900 685 2984 τῆς
707 2895 790 2965 αατὰ
813 2897 851 2966 τὸ
875 2906 903 2966 Β
928 2897 1018 2988 ἁφῆς
1042 2905 1118 2989 ἐφε-

104 2999 223 3067 στάτω·
252 3001 352 3088 λέγω,
376 3000 427 3071 ὅτι
451 3007 488 3070 αἱ
508 3009 584 3090 ΒΓ,
608 3011 691 3090 ΒΔ,
715 3012 782 3073 ΒΕ
803 3008 840 3073 έν
863 3007 917 3073 ένί
938 3011 1024 3091 εἰσιν
1049 3010 1117 3076 ἐπι-

103 3107 202 3176 πέδω.

106 3376 130 3429 7.
148 3367 272 3443 ἀχθεῖσα
290 3303 413 3428 δὰοωμ
425 3303 473 3444 δύ]
494 3306 552 3426 οὐ..
568 3297 646 3426 δίαν
666 3303 710 3428 ἴλη
729 3304 827 3449 affige]
846 3307 1059 3448 cofflegbgdlt}
1079 3397 1118 3437 m.

106 3441 172 3497 1Β.
272 3449 296 3497 9.
316 3443 367 3514 τῷ]
391 3443 429 3516 τῷ
449 3438 526 3518 αὐτῷ
544 3443 575 3512 F,
599 3442 648 3499 sed
667 3461 736 3502 corr.
833 3455 874 3504 11.
893 3445 975 3520 πρός]
1004 3449 1057 3504 ins.
1077 3469 1116 3507 m.

176 3308 201 3357 3.
220 3301 291 3357 εἰσίν
