2340 3818
100 126 164 189 ιτς
472 124 673 178 mommsen
692 119 743 194 ιβ’.

99 268 137 336 δὲ
165 265 202 335 τὸ
228 273 259 335 Γ
284 279 438 354 σημεῖον,
467 271 582 354 τρίτον
606 269 741 354 ἐδείχθη
764 275 826 336 τοῦ
849 271 1050 354 πρίσματος,
1077 255 1115 333 οὗ

98 375 197 459 βάσις
222 371 260 441 τὸ
290 379 392 441 ΑΒΓ
415 377 597 460 τρίγωνον,
629 371 834 442 ἀπεναντίον
861 371 900 441 δὲ
931 371 970 441 τὸ
1002 378 1115 458 ΔΕΖ,

99 480 154 547 καὶ
178 477 198 567 ἡ
223 480 368 567 πυραμὶς
391 477 466 566 ἀρα,
493 469 534 564 ἦς
556 479 654 563 βάσις
676 476 714 546 τὸ
739 484 843 547 ΑΒΓ
860 484 1044 566 τρίγωνον,
1066 503 1117 546 ιιο-

100 584 191 674 ρυφὴ
225 585 262 653 δὲ
292 585 329 654 τὸ
360 593 393 653 Δ
421 598 575 672 σημεῖον,
607 591 721 673 τρίτον
749 586 818 654 ἐστὶ
846 589 908 653 τοῦ
936 590 1117 672 πρίσματος

65 696 161 759 5τοῦ
198 697 333 777 ἔχοντος
368 691 469 777 βάσιν
501 690 564 777 τὴν
594 687 704 777 αὐτὴν
736 689 774 758 τὸ
807 696 914 759 ΑΒΓ
940 687 1144 779 τρίγοονον,Ι

101 795 303 865 ἀπεναντίον
327 797 364 864 δὲ
387 796 424 864 τὸ
448 803 560 866 ΔΒΖ.

511 991 705 1079 Πόρισμα.

164 1112 220 1182 Ἐκ
243 1113 286 1200 δὴ
310 1114 433 1183 τούτου
456 1114 622 1203 φανερόν,
651 1113 703 1184 ὅτι
725 1119 816 1184 πάσα
838 1115 986 1203 πυραμίς
1008 1120 1119 1203 τρίτον

100 1223 200 1310 μέρος
219 1222 288 1289 ἐστὶ
306 1233 367 1289 τοῦ
386 1227 570 1308 πρίσματος
587 1225 648 1289 τοῦ
666 1219 729 1307 τὴν
746 1218 853 1308 αὐτὴν
868 1218 971 1307 βάσιν
986 1225 1117 1308 ἔχοντος

49 1348 82 1396 10
102 1323 185 1414 αὐτῇ
212 1327 268 1394 καὶ
295 1325 381 1409 ὕψος
409 1337 485 1395 ίσον
514 1327 705 1416 [ἐπειδήπερ
728 1323 792 1396 κάν
815 1326 931 1415 ἕτερόν
954 1352 987 1394 τι
1011 1332 1118 1416 σχῆμα

102 1432 343 1520 εὐθύγραμμον
367 1438 423 1522 ἔχγ
447 1429 468 1519 ἡ
492 1432 589 1518 βάσις
610 1444 672 1501 τοῦ
691 1439 886 1522 πρίσματος,
909 1437 1050 1502 τοιοῦτο
1068 1433 1120 1527 παὶ

100 1538 138 1607 τὸ
168 1537 384 1624 ἀπεναντίον,
413 1540 469 1605 καὶ
497 1542 673 1627 διαιρεῖται
701 1545 748 1620 είς
776 1545 944 1629 πρίσματα
972 1545 1121 1627 τρίγωνα

102 1650 219 1733 ἔχοντα
246 1644 304 1726 τάς
331 1644 445 1731 βάσεις
472 1645 527 1712 καὶ
553 1645 593 1713 τά
616 1645 834 1733 ἀπεναντίον,
862 1646 918 1714 καὶ
941 1642 989 1727 ιδς
1011 1644 1036 1735 ἡ
1062 1645 1120 1735 ὅλη

101 1753 198 1838 βάσις
219 1751 302 1841 πρὸς
326 1753 494 1835 ἕιιαστον]·
518 1749 598 1840 ὅπερ
623 1756 690 1820 ἔδει
714 1754 828 1834 δείξαι.
1042 1766 1045 1771 ’

50 1985 82 2033 15
588 1964 632 2052 η’.

169 2092 221 2155 Αἱ
238 2086 381 2174 ὅμοιαι
398 2092 617 2176 πυραμίδες
634 2090 699 2157 καὶ
718 2088 938 2177 τριγώνους
956 2095 1124 2178 ἔχουσαι

102 2193 237 2280 βάσεις
269 2197 311 2262 ἐν
342 2200 602 2281 τριπλασίονι
634 2195 735 2286 λόγῳ
767 2196 845 2264 είσὶ
872 2199 950 2264 τῶν
979 2194 1125 2284 ὁμολό-

102 2327 184 2386 γων
207 2304 396 2387 πλευράν.

160 2405 343 2474 Ἔστωσαν
372 2404 484 2493 ὅμοιαι
512 2408 568 2474 καὶ
596 2405 721 2494 ὁμοίως
747 2412 896 2494 κείμεναι
924 2414 1126 2497 πυραμίδες,

51 2534 84 2582 20
104 2504 152 2580 ὧν
176 2512 291 2598 βάσεις
308 2514 369 2600 μέν
389 2517 453 2580 εἰσι
470 2511 511 2581 τά
530 2520 645 2599 ΑΒΓ,
670 2521 772 2582 ΔΕΖ
789 2520 949 2602 τρίγωνα,
973 2518 1125 2606 κορυφαί

104 2618 142 2685 δὲ
173 2617 213 2685 τά
240 2625 290 2705 Η,
324 2627 353 2686 Θ
380 2632 513 2707 σημεία·
545 2622 646 2706 λέγω,
680 2618 731 2688 ὅτι
758 2617 779 2707 ἡ
808 2627 952 2688 ΑΒΓΗ
974 2625 1125 2712 πυραμίς

103 2722 186 2812 πρὸς
217 2724 280 2812 τὴν
308 2733 443 2794 ΔΕΖΘ
470 2730 642 2815 πυραμίδα
669 2732 888 2815 τριπλασίονα
916 2725 1021 2813 λόγον
1057 2735 1125 2818 ἔχει

102 2830 186 2918 ἥπερ
210 2829 230 2919 ἡ
255 2838 321 2900 ΒΓ
340 2834 423 2920 πρὸς
444 2832 507 2920 τὴν
531 2841 602 2900 ΕΖ.

178 3034 201 3081 1.
240 3024 302 3090 άοις
322 3023 429 3083 {aava
450 3029 483 3085 V.
539 3023 601 3096 3.ἡ
634 3045 688 3083 om.
708 3028 742 3085 V.
803 3033 827 3082 5.
846 3021 1124 3116 τοῦ-αὐτήνβοῦ

25 3146 27 3150 ,
79 3095 186 3169 ’βάσις
231 3140 237 3153 .
295 3105 335 3153 11.
355 3095 425 3167 ἡ-
444 3100 597 3168 πρίσματος
631 3095 714 3172 βάσιν
732 3096 764 3154 τὸ
784 3100 890 3170 πρίσμα
909 3117 935 3188 ρ.
991 3101 1120 3173 τοιοντο]

107 3185 159 3223 om.
179 3169 264 3238 BVq.
339 3176 381 3224 12.
400 3168 445 3241 τό]
465 3166 496 3224 τὸ
516 3165 587 3224 αὐτά
605 3170 652 3239 Bq
672 3173 700 3225 et
718 3187 787 3226 corr.
806 3187 842 3223 ex
859 3165 930 3225 αάτο
948 3164 980 3225 τό
1000 3169 1035 3226 V.

105 3240 170 3311 καί]
190 3256 243 3295 om.
263 3239 348 3332 vil'
404 3237 570 3329 τριγώνους,
589 3260 653 3328 -ονς
672 3258 687 3296 e
706 3258 774 3296 corr.
794 3260 830 3296 m.
850 3246 866 3329 β
887 3243 919 3298 V.
995 3247 1037 3297 13.
1058 3237 1123 3314 τάς]

105 3327 159 3436 ἀάζ
179 3313 417 3452 ff'heonuffiffi'
437 3330 520 3438 q'17.
536 3313 699 3438 {ffltffafiq'
736 3313 878 3456 εάβάάἀ
896 3343 930 3454 ᾗ,
948 3314 1124 3442 {guez-⁵132]

176 3450 287 3523 κορυφή
308 3454 337 3521 Β,
358 3471 425 3508 corr.
445 3472 481 3509 m.
503 3461 526 3509 1.
600 3461 644 3509 21.
664 3451 707 3526 δέ]
728 3452 760 3509 δὲ
779 3452 873 3509 αὐτῶν
893 3452 963 3510 ἔστω
982 3456 1016 3511 V.
