2340 3818
86 175 152 239 408
481 174 663 226 Amnon
680 175 717 228 11.

87 316 148 401 μὲν
173 319 317 402 ἔχουσαν
340 315 378 382 τὸ
404 317 686 390 ΕΞΖΟΗΠΘΡ
705 313 923 398 πολύγωνον,
952 312 1108 402 κορυφὴν

88 421 125 488 δὲ
148 419 185 488 τὸ
201 427 236 487 Ν
259 433 405 506 σημεῖον.
443 419 583 502 ἐναλλὰξ
606 418 672 505 άρα
691 423 793 504 ἐστίν,
817 416 862 499 ῶς
881 416 1113 489 δΑΒΓΔΚΛ

86 538 195 605 κῶνος
217 525 301 614 πρὸς
322 523 386 612 τὴν
409 529 580 612 πυραμίδα
602 523 664 611 τὴν
687 524 788 611 βάσιν
811 525 873 612 μὲν
897 529 1050 612 ἔχουσαν
1070 523 1110 592 τὸ

87 639 189 700 ΑΣΒ
198 637 263 699 ΓΠ
273 638 376 699 m
397 633 607 718 πολύγωνον,
631 629 764 718 κορυφὴ
789 630 826 698 δὲ
842 630 888 704 τὸ,
903 637 935 697 Λ
954 643 1111 719 σημεῖον,

88 737 194 816 οὕτως
220 736 258 805 τὸ
287 746 319 803 A
347 735 484 820 στερεὸν
511 735 595 822 πρδς
620 736 684 823 τὴν
711 739 884 825 πυραμίδα
908 736 977 823 τὴν
1003 735 1110 818 βάσιν

87 844 148 930 μὲν
172 848 315 929 ἔχουσαν
337 840 375 909 τὸ
400 844 682 918 ΕΞΖΟΗΠΘΡ
704 840 919 928 πολύγωνον,
949 841 1110 931 κορυφὴν

88 950 125 1017 δὲ
147 947 185 1017 τὸ
205 955 244 1016 Ν
263 960 410 1034 σημεῖον.
448 953 569 1033 μείζων
592 946 635 1033 δὴ
659 945 898 1016 δΑΒΓΔΚΛ
919 951 1034 1026 κῶνος
1052 952 1111 1034 τῆς

86 1057 275 1142 πυραμίδος
306 1056 364 1139 τῆς
397 1051 497 1138 βάσιν
529 1052 591 1140 μὲν
620 1053 759 1140 ἐχούσης
780 1053 818 1121 τὸ
849 1059 1111 1122 ΑΣΒΠΤΦΔ

86 1161 301 1245 πολύγωνον,
329 1157 485 1246 κορυφὴν
514 1158 551 1226 δὲ
578 1158 617 1226 τδ
642 1166 673 1227 Λ
700 1172 848 1245 σημεῖον.
897 1165 1014 1246 μεῖζον
1042 1158 1110 1247 ἄρα

87 1267 142 1334 καί
165 1264 202 1334 τὸ
222 1273 254 1332 A
277 1262 412 1352 στερεὸν
436 1268 495 1351 τῆς
517 1270 705 1352 πυραμίδος
726 1269 785 1350 τῆς
807 1263 907 1351 βάσιν
925 1265 989 1352 μὲν
1010 1266 1108 1354 ἐχού-

87 1391 148 1457 σης
170 1375 207 1439 τὸ
233 1374 509 1447 ΕΞΖΟΗΠΘΡ
528 1368 739 1457 πολύγωνον,
766 1371 922 1458 κορυφὴν
946 1370 985 1439 δὲ
1008 1372 1050 1441 τὸ
1073 1379 1115 1440 Ν

88 1491 236 1562 σημεῖον.
281 1474 365 1545 άλλδι
392 1477 449 1545 καὶ
473 1476 631 1545 ἐλάττων·
661 1475 742 1564 ὅπερ
771 1474 905 1546 άιοπον.
952 1475 1018 1546 ούκ
1042 1477 1111 1567 άρα

88 1579 105 1651 ὁ
130 1587 334 1650 ΑΒΓΔΚΛ
354 1587 463 1663 κῶνος
485 1582 569 1670 πρὸς
592 1583 730 1652 ἔλαττόν
752 1608 784 1650 τι
802 1587 865 1651 τοῦ
882 1590 1114 1653 ΕΖΗΘΜΝ

87 1688 199 1757 κῶνον
218 1689 354 1776 στερεὸν
373 1695 592 1775 τριπλασίονα
609 1691 713 1776 λόγον
728 1693 793 1775 ἔχει
807 1687 892 1776 ἤπερ
905 1686 927 1775 ἡ
942 1696 1010 1757 ΒΔ
1023 1689 1113 1780 πρὸς

87 1796 149 1883 τὴν
168 1803 237 1864 ΖΘ.
274 1796 358 1880 λέγω
383 1794 442 1881 δή,
466 1792 518 1863 ὅτι
542 1792 622 1862 οὐδὲ
645 1793 729 1883 πρὸς
751 1801 873 1881 μεῖζον.
910 1799 941 1863 εί
957 1794 1027 1882 γάρ
1053 1801 1111 1864 δυ-

86 1902 202 1987 νατόν,
225 1907 308 1969 ἔστω
332 1900 416 1988 πρὸς
439 1897 475 1969 τὸ
500 1909 540 1967 A.
577 1898 745 1969 άνάπαλιν
769 1899 835 1989 άρα
857 1900 894 1969 τὸ
910 1910 943 1969 A
965 1901 1111 1989 στερεὸν

85 2012 169 2096 πρὸς
196 2007 255 2076 τὸν
284 2013 486 2075 ΑΒΓΔΚΛ
515 2017 627 2075 κῶνον
654 2014 874 2092 τριπλασίονα
901 2006 1008 2093 λόγον
1042 2013 1112 2096 ἔχει

86 2113 169 2200 ἤπερ
192 2111 213 2200 ἡ
234 2120 294 2181 ΖΘ
316 2112 400 2200 πρὸς
422 2111 486 2199 τὴν
506 2119 583 2180 ΔΒ.
625 2111 670 2192 ῶς
694 2112 731 2180 δὲ
754 2111 792 2182 τὸ
811 2122 843 2181 A
866 2113 1006 2201 στερεὸν
1024 2113 1113 2200 πρὸς

85 2219 147 2288 τὸν
175 2225 377 2286 ΑΒΓΔΚΛ
403 2224 526 2303 κῶνον,
555 2216 662 2299 οὕτως
689 2216 707 2287 ὁ
737 2226 968 2288 ΕΖΗΜΜΝ
997 2224 1113 2299 κῶνος

85 2322 168 2412 πρὸς
196 2325 334 2392 ἔλαττόν
360 2351 392 2392 τι
420 2335 481 2393 τοῦ
510 2331 717 2393 ΑΒΓΔΚΛ
743 2327 856 2394 κοίνου
887 2323 1037 2411 στερεόν.
1092 2322 1111 2393 ὁ

87 2435 310 2497 ΕΖΗΘΜΝ
324 2428 389 2515 άρα
407 2441 517 2508 κῶνος
534 2430 618 2519 πρὸς
638 2431 775 2499 ἔλαττόν
793 2457 825 2499 τι
839 2435 900 2499 τοῦ
914 2437 1112 2498 ΑΒΓΔΚΛ

85 2535 198 2604 κῶνον
230 2533 365 2623 στερεὸν
400 2542 621 2624 τριπλασίονα
651 2537 755 2622 λόγον
787 2543 853 2624 ἔχει
885 2536 968 2625 ἤπερ
999 2535 1113 2623 ἡΖΘ

84 2638 167 2728 πρὸς
194 2639 256 2727 τὴν
284 2648 362 2709 ΒΛ·
396 2640 476 2730 ὅπερ
510 2639 681 2710 άδύνατον
715 2644 888 2711 δέδεικται.
943 2638 1009 2709 οὐκ
1042 2641 1114 2729 άρα

86 2746 103 2824 ὁ
129 2752 334 2815 ΑΒΓΔΚΛ
361 2752 470 2827 κῶνος
496 2751 580 2835 πρὸς
609 2749 722 2834 μεῖζόν
744 2776 776 2816 τι
798 2753 860 2816 τοῦ
883 2754 1118 2816 ΕΖΗΘΜΝ

84 2853 198 2921 κώνου
230 2852 366 2937 στερεὸν
396 2860 616 2940 τριπλασίονα
648 2855 751 2940 λόγον
779 2861 844 2941 ἔχει
871 2852 956 2942 ἤπερ
986 2851 1009 2939 ἡ
1038 2860 1112 2921 ΒΔ

86 2958 168 3046 πρὸς
190 2956 252 3045 τὴν
272 2965 342 3026 ΖΘ.
384 2962 518 3046 ἐδείχθη
544 2961 597 3044 δέ,
622 2957 673 3027 ὅτι
699 2957 779 3027 οὐδὲ
801 2957 884 3047 πρὸς
907 2958 1049 3028 ἔλαττόν
1068 2986 1112 3028 τι.

86 3062 103 3132 ὁ
124 3069 332 3131 ΑΒΓΔΚΛ
355 3064 420 3152 άρα
443 3069 553 3144 κῶνος
570 3064 654 3152 πρὸς
672 3092 734 3133 ιον
753 3072 977 3134 ΕΖΗΘΜΝ
992 3071 1112 3135 κῶνον

85 3174 302 3258 τριπλασίονα
325 3169 429 3255 λόγον
454 3177 519 3258 ἔχει
542 3169 624 3259 ἥπερ
648 3169 668 3257 ἡ
693 3178 761 3239 ΒΔ
783 3170 865 3258 πρὸς
887 3170 949 3258 τὴν
975 3178 1044 3242 ΖΘ.

32 3407 64 3455 11
158 3385 201 3448 Οί
226 3378 290 3449 ὑπὸ
320 3378 357 3446 τδ
387 3378 468 3449 αὐτὸ
493 3383 580 3462 ὕψος
604 3382 697 3462 ὄντες
724 3393 828 3452 κῶνοι
850 3383 907 3451 καὶ
928 3381 1112 3466 κύλινδροι

67 3491 161 3580 πρὸς
183 3487 360 3581 άλλήλους
384 3488 473 3558 είσὶν
498 3480 547 3558 ῶν
573 3491 609 3556 αλ
633 3488 757 3574 βάσεις.
