2340 3818
466 171 650 223 APPENDIX
666 172 702 224 11.
801 170 803 172 ’
1023 170 1089 236 407

77 316 232 380 πλασίονι
259 310 349 403 λόγῳ
378 311 443 378 εἰσὶ
469 313 538 379 τῶν
569 308 744 398 ὁμολόγων
772 280 937 400 πλευρῶν.
981 310 1093 400 ἡύρα

77 424 236 507 πυραμίς,
260 409 300 504 ἧς
319 418 415 504 βάσις
429 419 491 503 μέν
506 420 575 485 ἐστι
588 420 627 486 τὸ
641 426 670 485 Β
676 425 710 484 Κ
714 425 750 484 Σ
759 422 935 506 τρίγωνον,
957 417 1090 506 κορυφὴ

79 521 118 590 δὲ
139 522 175 592 τὸ
200 530 231 591 A
255 537 411 610 σημεῖον,
439 522 522 610 πρὸς
545 523 607 610 τὴν
629 528 800 611 πυραμίδα
824 522 885 611 τὴν
907 524 1008 609 βάσιν
1031 523 1091 619 μὲν

78 632 222 714 ἔχουσαν
240 631 277 699 τὸ
293 636 366 698 ΜΖ
372 634 402 709 Ξ
417 635 595 718 τρίγωνον,
613 629 769 718 κορυφὴν
788 629 826 698 δὲ
843 627 880 698 τὸ
895 637 934 697 Ν
944 643 1091 716 σημεῖον,

77 742 296 821 τριπλασίονα
325 735 429 823 λόγον
458 740 523 823 ἔχει
546 735 630 823 ἥπερ
653 732 674 822 ἡ
698 743 767 803 ΒΚ
787 734 871 823 πρὸς
892 735 954 823 τὴν
978 742 1092 803 ΖΜΘ.

74 838 132 906 καί
155 841 300 927 πυραμὶς
320 841 404 926 ἄρα,
432 833 472 928 ἧς
494 839 591 926 βάσις
614 841 675 927 μίν
699 843 768 908 ἐστι
790 843 827 908 τὸ
851 847 958 909 ΚΒΣ
977 847 1092 930 τρίγω-

76 971 151 1030 νον,
174 946 306 1036 κορυφὴ
327 947 364 1015 δὲ
383 945 420 1015 τὸ
440 955 474 1014 A
492 961 643 1032 σημεῖον,
661 944 745 1034 πρὸς
761 945 823 1034 τὴν
841 952 1012 1035 πυραμίδα
1030 947 1092 1035 τὴν

77 1049 178 1137 βύπιν
201 1053 263 1139 μὲν
286 1058 430 1140 ἔχουσαν
453 1051 491 1120 τὸ
504 1054 609 1130 ΜΞΖ
627 1057 804 1141 τρίγωνον,
826 1052 981 1141 κορυφὴν
1000 1053 1037 1121 δὲ
1055 1079 1092 1122 πο

76 1163 116 1224 Ν
136 1172 287 1245 σημεῖον,
314 1163 534 1246 τριπλασίονα
557 1157 661 1243 λόγον
684 1162 750 1245 ἔχει
772 1156 855 1246 ἥπερ
879 1156 899 1245 ἡ
923 1166 987 1225 BA
1010 1158 1093 1244 πρὸς

76 1262 140 1350 τὴν
167 1270 238 1332 ΘΖ.
290 1261 414 1351 ὁμοίως
441 1262 482 1349 δὴ
512 1264 675 1349 δείξομεν,
708 1260 760 1331 ὅτι
791 1264 847 1330 καὶ
877 1262 997 1351 ἑκάστη
1024 1268 1093 1333 τῶν

75 1373 207 1439 λοιπῶν
228 1373 439 1457 πυραμίδων,
463 1360 513 1437 ύν
535 1367 650 1454 βάσεις
668 1370 729 1455 μέν
748 1372 813 1436 είσι
831 1367 871 1436 τὰ
893 1375 976 1455 ΣΚ,
1001 1377 1092 1456 MK,

80 1482 208 1562 ΦΚΑ,
237 1483 360 1561 KAY,
391 1480 498 1560 YKI',
526 1480 642 1560 ΚΓΤ,
665 1480 765 1542 KTB
788 1474 828 1542 τὰ
852 1481 1013 1564 τρίγωνα,
1039 1502 1093 1544 κο-

75 1579 170 1669 ρυφὴ
190 1582 228 1651 δὲ
245 1585 283 1650 νδ
306 1589 337 1649 A
360 1594 510 1668 σημεῖον,
533 1581 618 1665 πρὸς
636 1580 865 1666 ἑκάστηντῶν
883 1586 1092 1669 πυραμίδων,

74 1677 127 1756 ὧν
151 1687 265 1772 βάσεις
293 1689 355 1774 μέν
382 1691 448 1754 scm
471 1686 511 1754 τὰ
535 1689 655 1770 νων,
679 1693 793 1771 ΕΜΡ,
817 1694 934 1772 ΜοΡ,
962 1694 1092 1772 Mon,

76 1800 122 1860 Μ
128 1800 213 1878 ΠΝ,
242 1800 369 1878 ΗΜΘ,
397 1798 505 1860 MOZ
527 1791 567 1860 τὰ
590 1797 752 1879 τρίγωνα,
779 1790 911 1880 κορυφὴ
936 1792 974 1860 δὲ
995 1792 1033 1861 τὸ
1058 1799 1098 1860 Ν

76 1910 228 1984 σημεῖον,
250 1904 471 1984 τριπλασίονα
494 1898 597 1985 λόγον
617 1902 683 1984 ἔχει
701 1896 784 1986 ἥπερ
803 1895 824 1986 ἡ
843 1906 908 1966 BA
929 1897 1013 1984 πρὸς
1030 1897 1093 1986 τὴν

79 2010 150 2072 ΖΘ.
207 2006 262 2073 καὶ
299 2005 320 2091 ἡ
357 2004 503 2091 πυραμίς
539 2003 620 2092 ἄρα,
656 1997 696 2090 ἧς
732 2003 829 2090 βάσις
860 2005 921 2091 μέν
953 2006 1022 2072 ἐστι
1054 2002 1093 2071 τὸ

78 2117 184 2178 ΑΣΒ
194 2115 297 2178 ΤΓΜ
303 2117 407 2178 ΟΦΑ
420 2109 632 2196 πολύγωνον,
646 2107 777 2197 κορυφὴ
794 2110 832 2179 δὲ
844 2109 882 2179 τὸ
897 2117 929 2178 A
942 2123 1093 2196 σημεῖον,

75 2215 162 2303 πρὸς
201 2213 263 2302 τὴν
304 2221 476 2304 πυραμίδα
521 2214 583 2302 τὴν
623 2214 725 2301 βύσιν
766 2215 827 2302 μὲν
868 2221 1010 2303 ἔχουσαν
1054 2214 1092 2284 τὸ

77 2323 354 2399 ΕΞΞΟΗΠΘΡ
367 2322 581 2407 πολύγωνον,
604 2320 759 2409 κορυφὴν
779 2321 817 2389 δὲ
834 2320 872 2390 τὸ
891 2329 929 2390 Ν
943 2335 1093 2408 σημεῖον,

75 2432 296 2514 τριπλασίονα
329 2427 432 2514 λόγον
465 2432 531 2514 ἔχει
562 2426 646 2515 ἥπερ
679 2426 700 2513 ἡ
729 2434 797 2495 BA
823 2428 908 2517 πρὸς
933 2426 996 2514 τὴν
1024 2433 1094 2494 ΖΘ.

75 2532 133 2600 καὶ
157 2533 226 2600 ἐπεὶ
250 2532 268 2601 δ
289 2539 496 2601 ΑΒΓΔΚΛ
518 2543 627 2613 κῶνος
649 2531 732 2621 πρὸς
754 2537 791 2602 τδ
811 2544 843 2603 A
867 2537 1003 2622 στερεὸν
1025 2544 1094 2622 τρι-

74 2643 242 2707 πλασίονα
270 2637 373 2725 λόγον
401 2643 467 2725 ἔχει
494 2636 578 2726 ἥπερ
601 2637 622 2725 ἡ
647 2645 711 2706 BA
733 2641 817 2727 πρὸς
838 2639 900 2726 τὴν
924 2647 999 2725 ΖΘ,
1028 2644 1094 2725 ἔχει

77 2743 118 2813 δὲ
140 2744 196 2810 καὶ
219 2741 240 2830 ἡ
263 2750 419 2831 πυραμίς,
442 2736 482 2831 ἧς
504 2742 603 2830 βύσις
621 2745 683 2830 μέν
701 2745 770 2811 ἐστι
788 2741 825 2811 τὸ
845 2750 1094 2812 ΑΓΒΠΤΦΔ

74 2846 290 2934 πολύγωνον,
312 2847 447 2937 κορυφὴ
471 2849 509 2917 δὲ
530 2851 568 2917 τὸ
584 2856 615 2916 A
638 2862 789 2936 σημεῖον,
811 2848 973 2936 πρδςτὴν
990 2874 1095 2938 πνρα-

75 2957 161 3043 μίδα
183 2957 246 3042 τὴν
269 2955 370 3041 βύσιν
394 2955 455 3042 μὲν
479 2959 623 3042 ἔχουσαν
644 2959 682 3023 νδ
702 2957 981 3033 ΕΞΞΘΗΠΘΡ
994 2955 1095 3024 πολύ·

73 3087 202 3148 γωνον,
225 3060 380 3149 κορυφὴν
405 3061 442 3129 δὲ
464 3060 502 3128 τὸ
518 3067 558 3127 Ν
576 3073 726 3147 σημεῖον,
749 3065 967 3148 τριπλασίονα
990 3061 1095 3148 λόγον

73 3171 144 3254 ἔχει
177 3163 260 3254 ἥπερ
293 3164 313 3254 ἡ
348 3174 415 3234 BA
447 3164 531 3254 πρὸς
562 3165 623 3252 τὴν
653 3173 729 3252 ΖΘ,
763 3171 853 3235 ἔστιν
886 3165 967 3251 ἄρα,
999 3164 1044 3247 ὡς
1075 3165 1094 3235 δ

73 3277 289 3340 ΑΒΓΔΚΛ
302 3276 410 3352 κῶνος
423 3271 506 3359 πρὸς
519 3270 556 3340 τὸ
571 3282 603 3340 A
617 3271 764 3360 στερεόν,
783 3272 890 3352 οὕτως
903 3269 924 3359 ἡ
939 3277 1094 3360 πυραμίς,

73 3369 119 3464 ἧς
142 3375 240 3463 ῥύσις
263 3379 323 3464 μέν
348 3380 416 3446 ἐστι
439 3376 476 3446 τὸ
496 3384 601 3446 ΑΣΒ
612 3383 783 3446 Tmo
806 3377 1017 3465 πολύγωνον,
1039 3404 1095 3446 κο-

70 3481 170 3572 ρυφὴ
196 3484 233 3552 δὲ
256 3482 293 3551 νδ
313 3492 344 3552 A
368 3497 519 3572 σημεῖον,
542 3482 627 3574 πρὸς
645 3482 708 3572 τὴν
727 3489 909 3574 πυραμίδα
922 3482 987 3564 ’δον
1007 3481 1119 3561 ρων.

1135 3590 1148 3679 δ
