2340 3818
103 112 169 178 296
479 79 748 181 Σοοαειαοιγ.

103 253 170 341 ἄρα
193 253 213 340 ἡ
233 261 298 322 ΑΒ
322 253 405 342 πρὸς
428 251 489 340 τήν
508 259 580 339 ΒΓ,
605 252 711 334 οὕτως
733 251 770 321 τὸ
791 250 857 321 ἀπὸ
876 255 935 339 τής
949 261 1017 320 ΑΔ
1040 276 1123 339 προς

103 360 141 429 τὸ
166 358 231 430 ἀπὸ
255 364 313 447 τής
337 366 415 429 Ar·
440 361 521 444 ὅπερ
545 364 611 428 ἔδει
634 360 748 440 δεῖξαι.

585 587 643 656 ιδ’.

170 715 401 802 Ὀκτάεδρον
425 712 703 799 συστήσασθαι
740 713 805 780 καὶ
833 719 984 803 σφαίρᾳ
1015 736 1119 801 περι-

69 829 258 909 5ίαβείν,
290 813 311 909 ᾖ
344 821 408 887 καὶ
438 818 481 887 τὰ
514 820 700 906 πρότερα,
732 819 799 885 καὶ
827 821 971 904 δεῖξαι,
1006 817 1068 886 ὅτι
1098 815 1119 904 ἡ

103 935 170 1016 τῆς
193 934 364 1014 σφαίρας
387 925 598 1012 διύμετρος
628 923 797 1011 δυνάμει
822 929 1014 992 διπλασία
1040 924 1120 992 ἐστὶ

102 1041 171 1122 τής
193 1037 366 1121 πλευρᾶς
388 1036 457 1098 τοῦ
482 1028 710 1116 ὀκταέδρου.

167 1139 347 1208 Ἐκκείσθω
381 1137 401 1224 ή
434 1142 493 1224 τής
526 1141 685 1223 δοθείσης
717 1141 862 1224 σφαίρας
894 1135 1074 1224 διάμετρος
1100 1134 1119 1222 ή

104 1255 184 1331 ΑΒ,
217 1244 273 1312 καὶ
300 1242 476 1329 τετμήσθω
505 1246 582 1329 δίχα
608 1240 692 1310 κατὰ
718 1241 756 1310 τὸ
784 1248 823 1327 Γ,
851 1243 907 1309 καὶ
934 1243 1120 1329 γεγράφθω

53 1371 87 1420 10
106 1352 158 1420 ἐπὶ
181 1353 240 1437 τής
262 1357 327 1418 ΑΒ
351 1347 550 1438 ἡμικύκλιον
572 1347 610 1417 τὸ
630 1355 747 1432 ΑΔΒ,
769 1349 825 1415 καὶ
849 1347 945 1435 ήχθω
969 1346 1039 1416 ἀπὸ
1062 1351 1122 1415 τοῦ

103 1463 136 1525 Γ
153 1460 192 1545 τή
216 1462 281 1523 ΑΒ
305 1455 390 1543 πρὸς
413 1453 521 1542 ὀρθὰς
548 1453 568 1541 ή
593 1460 670 1538 ΓΔ,
697 1455 752 1521 καὶ
781 1453 968 1540 ἐπεζεύχθω
991 1452 1013 1540 ἡ
1040 1461 1120 1537 ΔΒ,

103 1564 159 1630 καὶ
187 1566 348 1630 ἐκκείσθω
376 1559 587 1648 τετράγωνον
616 1559 654 1629 τὸ
680 1567 816 1628 ΕΖΗΘ
843 1569 921 1646 ίσην
945 1565 1025 1647 ἔχον
1050 1558 1120 1627 ἑκά-

103 1690 186 1756 στην
209 1673 276 1736 τῶν
294 1670 449 1752 πλευρῶν
472 1671 512 1753 τῇ
532 1673 615 1752 ΔΒ,
638 1667 693 1734 καὶ
717 1665 969 1752 ἐπεζεύχθωσαν
992 1669 1033 1733 αί
1049 1674 1121 1752 ΘΖ,

103 1783 187 1862 ΕΗ,
209 1775 265 1842 καὶ
288 1772 457 1842 ἆνεστύτω
477 1771 542 1840 ἀπὸ
563 1778 624 1840 τού
643 1779 678 1840 Κ
694 1778 834 1859 σημείου
852 1777 897 1863 τῷ
916 1776 978 1840 τοῦ
996 1779 1122 1840 ΕΖΗΘ

49 1900 84 1949 15
104 1880 316 1969 τετραγώνου
348 1881 490 1970 ἐπιπέδῳ
523 1877 606 1963 πρὸς
634 1876 742 1963 ὀρθὰς
773 1876 891 1947 εύθεία
917 1876 938 1964 ἡ
968 1884 1032 1945 ΚΛ
1065 1878 1121 1946 καὶ

103 1987 234 2074 διήχθω
264 1987 317 2053 ἐπὶ
346 1983 386 2052 τὰ
415 1986 510 2072 ἕτερα
537 1985 620 2073 με’ρη
647 1988 708 2052 τοῦ
733 1987 891 2052 ἐπιπέδου
914 1980 1001 2069 ύςή
1027 1991 1123 2069 ΚΜ,

106 2095 162 2160 καὶ
186 2091 378 2181 ἀφῃρήσθω
403 2089 462 2177 ἀφ’
489 2092 644 2175 ἑκατέρας
666 2094 734 2158 τῶν
757 2097 839 2174 ΚΛ,
867 2096 951 2157 ΚΜ
968 2094 1029 2178 μιᾷ
1053 2094 1124 2158 τῶν

103 2204 185 2284 ΕΚ,
210 2203 290 2283 ΖΚ,
313 2203 401 2282 ΗΚ,
430 2203 498 2265 ΘΚ
518 2205 573 2281 ίση
598 2197 735 2280 ἑκατέρα
757 2200 826 2264 τῶν
848 2202 927 2281 ΚΛ,
952 2201 1043 2281 ΚΜ,
1066 2197 1125 2263 καὶ

103 2301 355 2388 ἐπεζεύχθωσαν
375 2305 412 2368 αι
425 2310 506 2387 Λα,
520 2309 602 2388 ΛΖ,
617 2309 704 2387 ΛΗ,
719 2309 798 2387 Λο,
818 2309 910 2387 ΜΕ,
924 2310 1011 2386 Mz,
1028 2310 1125 2390 MH,

52 2429 86 2478 20
105 2416 188 2477 ΜΘ.
237 2408 294 2476 καὶ
327 2409 396 2475 ἐπεὶ
425 2416 480 2494 ίση
509 2410 599 2476 ἐστὶν
627 2407 647 2495 ή
673 2415 742 2476 ΚΕ
766 2413 805 2497 τῇ
833 2414 914 2493 ΚΘ,
946 2414 1006 2476 καί
1031 2412 1127 2477 ἐστιν

104 2512 194 2601 ὀρθή
223 2512 243 2601 ή
272 2511 338 2581 ὑπὸ
367 2519 467 2581 ΕΚΘ
493 2520 616 2600 γωνία,
644 2513 681 2582 τὸ
709 2513 776 2600 ἄρα
802 2511 868 2582 ἀπὸ
896 2517 954 2600 τής
980 2518 1049 2581 ΘΕ
1075 2519 1127 2583 δι-

102 2620 247 2688 πλάσιόν
270 2621 339 2687 ἐστι
362 2622 424 2687 τοῦ
446 2618 512 2689 ἀπὸ
537 2625 595 2706 τής
613 2627 688 2688 ΕΚ.
724 2623 842 2706 πάλιν,
865 2621 935 2688 ἐπεὶ
955 2627 1010 2706 ίση
1031 2621 1127 2688 ἐστὶν

101 2723 122 2812 ή
148 2732 218 2793 ΛΚ
242 2730 281 2815 τῇ
305 2732 388 2812 ΚΕ,
415 2732 475 2794 καί
499 2729 590 2795 ἐστιν
618 2724 707 2813 ὀρθή
735 2725 756 2813 ἡ
787 2724 852 2794 ὑπὸ
878 2733 983 2794 ΛΚΕ
1003 2732 1126 2813 γωνία,

102 2831 141 2900 τὸ
175 2830 240 2919 ύρα
272 2830 339 2900 ἀπὸ
372 2835 431 2918 τής
455 2839 515 2899 ΕΛ
548 2831 728 2900 διπίύσιόν
761 2835 831 2900 ἐστι
863 2835 924 2901 τοῦ
953 2829 1017 2901 ιἰπδ
1048 2839 1127 2900 ΕΚ.

50 2956 85 3006 25
105 2939 241 3024 ἐδείχθη
272 2937 310 3005 δὲ
336 2939 392 3005 καὶ
419 2936 458 3006 τὸ
486 2935 550 3005 ύπὸ
579 2949 637 3024 τῆς
664 2946 733 3005 ΘΕ
758 2937 937 3006 διπλάσιον
967 2949 1029 3005 τοῦ
1058 2936 1126 3006 ἀπὸ

176 3157 200 3205 2.
222 3146 291 3218 ὅπερ
311 3147 371 3204 ἔδει
390 3150 496 3220 δειἙαι]
522 3166 576 3204 om.
596 3149 629 3204 V.
738 3147 842 3219 Figura
859 3149 1002 3204 lemmatis
1020 3149 1076 3204 fuit
1093 3151 1127 3206 in

105 3222 136 3276 L.
227 3228 251 3278 3.
272 3219 327 3292 ιδ’]
346 3224 380 3275 ιθ
398 3219 429 3274 L.
515 3227 542 3274 4.
562 3218 775 3287 σννττήσασθαι
793 3220 824 3287 Ρ,
843 3236 913 3276 corr.
932 3238 969 3275 m.
988 3227 1013 3275 κ.

106 3298 132 3349 5.
151 3288 186 3346 τα
206 3291 342 3362 πρότερα]
362 3287 414 3359 τήν
433 3292 580 3360 πυραμίδα
595 3291 692 3345 Theon
709 3289 874 3359 (LBVbq)‚
893 3311 935 3360 γρ.
954 3283 984 3360 ήι
1004 3291 1053 3345 καὶ
1071 3289 1126 3360 τήν

104 3365 250 3432 πυραμίδα
269 3380 325 3432 mg.
344 3380 382 3415 m.
402 3367 416 3415 1
437 3377 487 3430 pro
508 3362 593 3416 schol.
612 3362 644 3417 P.
730 3369 755 3418 6.
774 3362 835 3432 τῆς]
856 3378 911 3418 om.
930 3361 958 3416 b.
1047 3359 1125 3418 ἐστίν

103 3434 193 3489 PLB.
286 3438 310 3487 8.
331 3433 478 3504 δοθείσης]
500 3449 554 3486 om.
574 3451 600 3501 q.
687 3432 821 3502 σφαίρας]
841 3433 965 3503 σφαίρας
982 3431 1001 3501 ἡ
1020 3439 1071 3488 ΑΒ
1089 3433 1124 3489 Ia.
