2340 3818
111 151 177 216 302
486 153 686 205 Στοιτυιοα
705 150 756 221 η’.

109 289 299 380 ἀφῃρήσθω
322 290 387 361 ἀπὸ
412 291 551 379 ἑκάστης
572 296 641 361 τῶν
656 298 738 379 ΕΚ,
757 300 834 378 ΖΛ,
856 299 952 378 ΗΜ,
975 301 1047 362 ΘΝ
1065 262 1135 382 μιᾷ,

108 410 177 467 τῶν
201 405 278 484 ΕΖ,
308 406 389 484 ΖΗ,
417 407 500 484 ΗΘ,
527 407 592 468 ΘΕ
618 407 674 485 ἴση
698 398 819 485 ἑκάστη
841 410 910 468 τῶν
934 406 1018 484 ΕΚ,
1046 407 1115 486 ΖΛ,

108 513 203 590 ΗΜ,
222 511 305 591 ΘΝ,
323 504 379 573 καὶ
398 505 650 593 ἐπεζεύχθωσαν
669 508 707 572 αι’
717 511 803 591 ΚΛ,
818 511 911 590 ΛΜ,
930 512 1027 590 ΜΝ,
1045 511 1115 573 ΝΚ·

108 610 213 696 κύβος
234 609 301 696 ίίρα
320 612 517 679 συνέσταται
537 609 555 679 ὁ
576 617 648 678 ΖΝ
661 608 729 680 ὑπὸ
747 612 781 691 ἓξ
799 609 1022 696 τετραγώνων
1041 619 1115 680 ίσων

73 715 349 804 ὅπεριεχύμενος.
399 721 453 785 θεῖ
479 716 520 804 δὴ
548 715 654 786 αύτὸν
686 717 742 785 καλ
775 722 902 807 σφαίρᾳ
934 723 1116 805 περιλαβεῖν

108 834 147 910 τῇ
172 827 312 911 δοθείσῃ
335 822 391 889 καὶ
415 824 535 909 δεῖξαι,
564 821 616 892 ὅτι
643 821 664 910 ἡ
693 827 752 909 τῆς
779 828 924 911 σφαίρας
948 822 1117 912 διάμετρος

108 928 249 1014 δυνάμει
272 933 450 1014 τριπλασία
473 929 542 997 ἐστὶ
565 933 622 1015 τῆς
645 933 790 1014 πλευρᾶς
811 933 872 997 τού
895 928 1016 1014 κύβου.

171 1031 443 1118 Ἐπεζεύχθωσαν
471 1033 536 1121 γὰρ
560 1038 598 1102 αί
619 1041 705 1121 KH,
732 1042 810 1103 EH.
856 1035 912 1102 καλ
940 1036 1012 1103 ἐπεὶ
1037 1034 1115 1122 ὀρθή

108 1142 198 1208 ἐστιν
220 1137 242 1226 ἡ
265 1136 332 1207 ὑπὸ
352 1145 463 1206 ΚΕΗ
480 1146 588 1226 γωνία
611 1139 668 1209 διὰ
691 1140 728 1208 τὸ
753 1141 809 1209 καὶ
832 1139 895 1228 τὴν
918 1148 990 1208 ΚΕ
1013 1139 1115 1229 ὀρθὴν

56 1262 88 1310 10
107 1245 194 1314 εἶναι
217 1243 301 1333 πρὸς
322 1243 360 1314 τὸ
380 1252 453 1312 ΕΗ
473 1247 631 1315 ἐπίπεδον
650 1248 778 1335 δηλαδὴ
796 1247 852 1315 καὶ
870 1247 956 1336 πρὸς
973 1247 1038 1334 τὴν
1055 1255 1119 1315 ΕΗ

106 1350 261 1436 εύθεῖαν,
284 1349 321 1419 τὸ
346 1349 411 1438 ἄρα
435 1352 487 1419 ἐπὶ
510 1356 569 1439 τῆς
587 1360 666 1420 ΚΗ
682 1353 901 1441 γραφόμενον
925 1350 1117 1440 ἡμικύκλιον

105 1455 175 1545 ἥξει
198 1456 254 1523 καὶ
278 1456 334 1524 διὰ
357 1468 418 1525 τοῦ
437 1465 469 1525 Ε
489 1464 638 1544 σημείου.
675 1457 788 1543 πάλιν,
813 1459 882 1527 ἐπεὶ
905 1458 926 1546 ἡ
946 1466 1016 1527 ΗΖ
1035 1458 1116 1548 ὀρθή

106 1566 174 1632 ἐστι
201 1561 284 1647 πρὸς
312 1563 470 1651 ἑκατέραν
498 1568 567 1631 τῶν
596 1571 670 1650 ΖΛ,
700 1572 777 1649 ΖΕ,
804 1566 859 1632 καὶ
886 1565 970 1653 πρὸς
997 1563 1035 1634 τὸ
1060 1571 1120 1633 ΖΚ

105 1667 356 1756 ἄρα-ἐπίπεδον
384 1668 473 1756 ὀρθή
503 1673 593 1738 ἐστιν
620 1668 640 1757 ἡ
668 1678 750 1756 ΗΖ·
778 1669 862 1739 ὥστε
889 1671 945 1738 καλ
968 1671 1030 1739 ἐὰν
1058 1675 1118 1740 ἑπι-

54 1796 86 1844 15
107 1775 268 1862 ζεύξωμεν
305 1773 367 1862 την
403 1781 481 1862 ΖΚ,
524 1773 544 1861 ἡ
581 1784 649 1844 ΗΖ
690 1775 778 1863 ὀρθὴ
817 1782 907 1844 ἔσται
947 1778 1002 1845 καὶ
1038 1777 1118 1864 πρὸς

104 1883 166 1969 τὴν
196 1888 272 1950 ΖΚ·
300 1882 355 1949 καὶ
384 1881 441 1949 διὰ
469 1887 567 1950 τοῦτο
595 1881 697 1951 πάλιν
724 1883 762 1951 τὸ
792 1884 844 1951 ἐπὶ
867 1887 925 1970 τῆς
947 1889 1024 1950 ΗΚ
1043 1909 1118 1970 γρα-

105 1990 257 2076 φόμενον
279 1986 480 2075 ἡμικύκλιον
505 1989 575 2076 ἥξει
597 1989 653 2057 καὶ
677 1988 733 2056 διὰ
757 1992 818 2056 τοῦ
843 1995 878 2056 Ζ.
919 1985 1045 2074 ὁμοίως
1067 1988 1119 2056 καὶ

105 2094 161 2162 διὰ
195 2098 262 2163 τῶν
295 2098 422 2163 λοιπῶν
452 2106 513 2163 τού
545 2094 652 2181 κύβου
680 2100 827 2181 σημείων
859 2091 937 2181 ἥξει.
989 2095 1051 2161 ἐὰν
1079 2093 1118 2180 δὴ

104 2200 271 2285 μενούσης
297 2204 356 2285 τῆς
378 2207 455 2269 ΚΗ
477 2201 693 2290 περιενεχθὲν
720 2199 757 2268 τὸ
786 2198 984 2288 ἡμικύκλιον
1013 2203 1062 2279 εἰς
1084 2198 1119 2268 τὸ

51 2328 84 2378 20
104 2305 185 2374 αὐτὸ
220 2305 495 2397 ἀποκατασταθῇ,
533 2305 617 2376 ὅθεν
654 2305 775 2395 ἤρξατο
813 2307 994 2394 φέρεσθαι,
1031 2312 1120 2373 ἔσται

104 2417 232 2502 σφαίρᾳ
254 2416 526 2499 περιειλημμένος
549 2411 567 2481 ὁ
591 2412 704 2499 κύβος.
739 2412 824 2496 λέγω
849 2410 907 2497 δή,
932 2408 983 2479 ὅτι
1007 2411 1064 2478 καὶ
1083 2422 1119 2499 τῇ

104 2524 254 2606 θοθείση.
293 2516 361 2585 ἐπεὶ
385 2516 450 2604 γὰρ
475 2527 529 2606 ίση
554 2519 645 2587 ἐστὶν
667 2516 688 2604 ἡ
708 2525 775 2585 ΗΖ
793 2528 832 2606 τῇ
854 2525 931 2602 ΖΕ,
955 2522 1016 2585 καί
1030 2519 1119 2586 ἐστιν

104 2623 192 2713 ὀρθὴ
216 2622 237 2711 ἡ
260 2621 344 2711 πρὸς
371 2628 416 2716 τῷ
440 2632 467 2691 Ζ
490 2631 612 2710 γωνία,
640 2622 678 2692 τὸ
707 2622 773 2711 ἄρα
801 2621 865 2690 ἀπὸ
894 2628 953 2709 τῆς
974 2629 1057 2690 ΕΗ
1075 2628 1119 2690 θι-

102 2730 247 2798 πλύσιόυ
272 2732 340 2797 ἐστι
363 2733 424 2797 τού
448 2726 513 2799 ἀπὸ
537 2735 596 2817 τῆς
615 2739 685 2799 ΕΖ.
723 2737 777 2815 ἴση
802 2729 840 2797 δὲ
862 2726 883 2815 ἡ
903 2736 966 2796 ΕΖ
985 2733 1024 2817 τῇ
1045 2736 1119 2796 ΕΚ·

52 2858 85 2908 25
105 2835 142 2905 τὸ
167 2835 232 2925 ἄρα
255 2834 319 2904 ἀπὸ
340 2841 399 2922 τῆς
418 2844 491 2904 ΕΗ
510 2837 688 2905 θιπλύσιόν
713 2839 782 2905 ἐστι
803 2840 865 2904 τού
883 2832 949 2903 ιἰπὸ
968 2839 1027 2921 τῆς
1047 2840 1119 2902 ΕΚ·

103 2942 187 3011 ύστε
210 2941 249 3009 τὰ
269 2941 334 3010 ἀπὸ
354 2947 422 3010 τῶν
436 2950 524 3028 ΗΕ,
539 2951 627 3029 ΕΚ,
649 2945 799 3012 τουτέστι
817 2942 855 3011 τὸ
875 2940 940 3010 ἀπὸ
960 2945 1018 3028 τῆς
1031 2948 1120 3025 ΗΚ,

102 3048 300 3137 τριπλάσιόν
331 3051 399 3116 ἐστι
427 3052 489 3116 τού
517 3047 583 3117 ύπὸ
610 3053 670 3136 τῆς
692 3056 768 3117 ΕΚ.
814 3048 869 3115 καὶ
893 3046 963 3117 ἐπεὶ
985 3054 1120 3135 τριπλα-

21 3179 24 3183 ’
103 3162 186 3222 σίων
216 3155 306 3222 ἐστὶν
334 3153 354 3240 ἡ
383 3161 451 3221 AB
478 3158 537 3241 τῆς
563 3160 636 3241 ΒΓ,
665 3154 709 3236 ὡς
737 3155 775 3224 δὲ
802 3153 822 3241 ἡ
851 3161 916 3222 ΑΒ
945 3153 1030 3242 πρὸς
1059 3153 1121 3241 τὴν

104 3283 318 3290 ——.—-

176 3358 198 3406 1.
218 3345 437 3421 οἷφηρήσθωσαν
456 3348 566 3420 Bqu.
653 3355 678 3405 4.
697 3351 861 3404 συνίσταται
879 3347 923 3402 V?
998 3349 1072 3420 ΖΝ]
1094 3351 1124 3403 Ν

99 3424 129 3476 in
148 3437 203 3476 ras,
223 3439 259 3474 m.
282 3418 345 3474 1P.
431 3425 455 3473 7.
475 3422 643 3489 τριπλασίων
662 3422 692 3476 Ρ.
773 3424 797 3476 8.
817 3419 894 3490 ΚΗ]
914 3435 984 3473 corr.
1004 3434 1039 3473 ex
1059 3422 1124 3474 ΚΝ

87 3512 126 3548 ων,
150 3500 164 3548 1
184 3491 218 3564 Β,
238 3496 306 3551 KN
322 3509 349 3562 q.
425 3499 451 3549 9.
471 3491 538 3567 τήν]
557 3510 628 3550 eon,
646 3508 683 3547 ex
698 3488 731 3545 τί)
747 3496 863 3556 mm,
934 3495 976 3542 12.
997 3491 1074 3562 HZ]
1093 3490 1122 3545 in
